product_code,timestamp,tick_id,best_bid,best_ask,best_bid_size,best_ask_size,total_bid_depth,total_ask_depth,ltp,volume,volume_by_product
BTC_JPY,2020-06-06T23:55:09.647,26598369,1059789.0,1060433.0,0.4176,0.02,1983.78147043,1368.19809582,1059788.0,81985.96689732,3023.23836978
BTC_JPY,2020-06-06T23:55:14.683,26598440,1059789.0,1060433.0,0.4176,0.01299759,1979.63147043,1371.45099341,1060433.0,81986.84280689,3023.24537219
BTC_JPY,2020-06-06T23:55:19.63,26598567,1059821.0,1060433.0,0.05111,0.00299659,1982.06739,1368.92001119,1060433.0,81998.26979939999,3023.25537319
BTC_JPY,2020-06-06T23:55:24.54,26598734,1059870.0,1060698.0,0.05378,0.33889801,1982.27805999,1366.35175545,1060433.0,82002.51908687,3023.25836978
BTC_JPY,2020-06-06T23:55:29.833,26598875,1060037.0,1060699.0,0.4176,0.07999801,1984.41491999,1368.40725545,1060433.0,82006.00349330001,3023.05836978
BTC_JPY,2020-06-06T23:55:33.91,26598971,1060026.0,1060696.0,0.15,0.1,1984.89607999,1367.08115745,1060433.0,82011.02206596,3023.06836978
BTC_JPY,2020-06-06T23:55:39.463,26599064,1060068.0,1060593.0,0.25,0.2,1985.36578999,1366.66425546,1060433.0,82011.39639407,3022.88566978
BTC_JPY,2020-06-06T23:55:43.9,26599125,1060102.0,1060592.0,0.4176,0.1,1985.47785999,1367.24475745,1060433.0,82011.13605525,3022.88566978
BTC_JPY,2020-06-06T23:55:49.34,26599195,1060103.0,1060864.0,0.15,1.0,1985.13707999,1365.14185734,1060433.0,82008.67030497,3022.88366978
BTC_JPY,2020-06-06T23:55:54.84,26599340,1059971.0,1060733.0,0.5676,1.0,1985.70293999,1366.10175747,1060433.0,82008.5482806,3022.88366978
BTC_JPY,2020-06-06T23:55:59.63,26599460,1059970.0,1060676.0,0.3,1.0,1985.27941999,1366.50275747,1060433.0,82012.92228060003,3022.68366978
BTC_JPY,2020-06-06T23:56:04.52,26599566,1059969.0,1060659.0,0.4176,1.2589,1984.77307999,1366.54675747,1060433.0,82013.89048449,3022.68366978
BTC_JPY,2020-06-06T23:56:09.787,26599668,1059969.0,1060534.0,0.4176,0.2589,1984.06618999,1366.72675548,1060433.0,82009.4386118,3022.68366978
BTC_JPY,2020-06-06T23:56:14.35,26599758,1059969.0,1060616.0,0.4176,1.0,1984.76618999,1367.00075548,1060433.0,82006.64128958,3022.68366978
BTC_JPY,2020-06-06T23:56:19.26,26599861,1059969.0,1060602.0,0.4176,0.2589,1984.75181999,1369.25075747,1060433.0,81987.47817164,3022.28366978
BTC_JPY,2020-06-06T23:56:24.81,26599963,1059969.0,1060577.0,0.4176,0.2589,1984.73366999,1369.81344387,1060433.0,81988.64975719,3022.07966978
BTC_JPY,2020-06-06T23:56:29,26600049,1059968.0,1060557.0,0.173,0.31,1984.50308,1368.23080167,1060433.0,81982.54968443,3021.97966978
BTC_JPY,2020-06-06T23:56:34.35,26600145,1059968.0,1060536.0,0.173,0.2589,1984.96198,1367.92080167,1060433.0,81982.91817292,3021.97966978
BTC_JPY,2020-06-06T23:56:38.993,26600224,1059969.0,1060521.0,0.4176,0.31,1985.01312,1368.33070167,1060433.0,81981.6636229,3021.95366978
BTC_JPY,2020-06-06T23:56:44.373,26600282,1059969.0,1060530.0,0.4176,0.07999801,1984.61942722,1369.15924778,1060433.0,81975.84515813,3021.84966978
BTC_JPY,2020-06-06T23:56:49.377,26600371,1059969.0,1060548.0,0.4176,0.07999801,1984.48603722,1367.88654778,1060554.0,81970.26456387,3021.68657178
BTC_JPY,2020-06-06T23:56:54.127,26600463,1059996.0,1060661.0,0.15,0.07999801,1985.26343493,1367.43250271,1060554.0,81962.45065668,3021.51857018
BTC_JPY,2020-06-06T23:56:59.883,26600659,1060485.0,1060890.0,0.05585,1.34989601,1986.08278491,1364.7287556,1060890.0,81973.49063075,3021.951307300001
BTC_JPY,2020-06-06T23:57:04.197,26600719,1060534.0,1060890.0,0.4095,1.34989601,1987.26793491,1366.9446556,1060890.0,81972.55049477,3021.9493073000012
BTC_JPY,2020-06-06T23:57:09.153,26600776,1060553.0,1060890.0,0.4095,1.34989601,1987.23614491,1366.6616556,1060890.0,81964.79484721,3020.7493073
BTC_JPY,2020-06-06T23:57:14.16,26600854,1060594.0,1060890.0,0.15,1.33989501,1987.09499491,1367.4851545999998,1060890.0,81953.77977024,3020.43514739
BTC_JPY,2020-06-06T23:57:19.157,26600894,1060594.0,1060890.0,0.12,1.33989501,1986.80925491,1366.4257546,1060594.0,81942.65742548,3020.46514739
BTC_JPY,2020-06-06T23:57:24.59,26600945,1060537.0,1060890.0,0.05548,1.33989501,1986.84441491,1366.7202546,1060594.0,81930.2266501,3020.45514739
BTC_JPY,2020-06-07T00:00:09.2,26603900,1060239.0,1061051.0,0.4212,0.56,1986.13025028,1367.07226428,1061065.0,81803.31272053,3004.40525576
BTC_JPY,2020-06-07T00:00:15.067,26604021,1060274.0,1061052.0,0.15,1.0,1985.88989041,1366.95756578,1060333.0,81792.60220229,3003.36018966
BTC_JPY,2020-06-07T00:00:19.947,26604130,1060451.0,1061157.0,0.32,1.0,1985.89949041,1366.39873448,1060333.0,81756.57147695,3002.65247953
BTC_JPY,2020-06-07T00:00:25.077,26604243,1060465.0,1061150.0,0.1,1.0,1985.94806041,1366.03373435,1060333.0,81703.05443583,2994.70003926
BTC_JPY,2020-06-07T00:00:29.007,26604307,1060331.0,1061133.0,0.4089,1.0,1986.51698041,1366.55873448,1060333.0,81648.91476068,2991.84937163
BTC_JPY,2020-06-07T00:00:34.217,26604351,1060279.0,1061089.0,0.5589,0.1,1985.83474028,1366.92718015,1060333.0,81533.29264338,2978.29446226
BTC_JPY,2020-06-07T00:00:39.547,26604402,1060330.0,1061073.0,0.4089,1.0,1986.40345041,1367.02908028,1060333.0,81489.56976754,2964.86468074
BTC_JPY,2020-06-07T00:00:44.303,26604451,1060328.0,1061064.0,0.4089,0.1,1986.30255041,1366.83794918,1060333.0,81487.57366989,2961.23943961
BTC_JPY,2020-06-07T00:00:49.373,26604483,1060328.0,1061051.0,0.4089,0.1,1986.31269041,1368.16972918,1060333.0,81485.18696889,2958.56943861
BTC_JPY,2020-06-07T00:00:54.313,26604594,1060090.0,1061015.0,0.32,0.5089,1985.11805042,1369.24312918,1060333.0,81465.17614439,2956.41843552
BTC_JPY,2020-06-07T00:00:59.077,26604717,1060090.0,1060924.0,0.32,0.4,1984.17052042,1368.50732918,1060333.0,81359.38071623,2954.42203552
BTC_JPY,2020-06-07T00:01:04.047,26604831,1059970.0,1060860.0,0.1515,0.31,1983.79815042,1366.91787688,1060333.0,81301.20536453,2950.76596495
BTC_JPY,2020-06-07T00:01:09.213,26604928,1059970.0,1060810.0,0.1515,0.4089,1984.58912042,1368.84994918,1060333.0,81290.8784747,2948.07407901
BTC_JPY,2020-06-07T00:01:14.437,26605035,1059971.0,1060788.0,0.1,0.4089,1985.30072042,1368.87400778,1060333.0,81294.0638872,2946.20407901
BTC_JPY,2020-06-07T00:01:18.37,26605073,1059993.0,1060858.0,0.01,0.4089,1985.30006042,1366.74859088,1060784.0,81296.64745868,2944.36140362
BTC_JPY,2020-06-07T00:01:24.243,26605169,1059971.0,1060827.0,0.2298,0.519,1986.20386042,1367.20979075,1059993.0,81300.55674128,2945.31080362
BTC_JPY,2020-06-07T00:01:29.32,26605272,1059972.0,1060782.0,0.3,0.419,1986.53701042,1367.48169088,1059971.0,81254.46951217,2941.38661354
BTC_JPY,2020-06-07T00:01:34.517,26605382,1059970.0,1060663.0,0.0582,0.1,1986.01766042,1366.12669088,1059970.0,81194.33474385,2941.68661354
BTC_JPY,2020-06-07T00:01:39.903,26605497,1059970.0,1060745.0,0.0582,0.4167,1985.94223029,1367.19239088,1059970.0,81144.33710876,2936.46519441
BTC_JPY,2020-06-07T00:01:43.913,26605604,1059970.0,1060633.0,0.0582,0.7267,1985.66912592,1368.15218338,1059970.0,81149.81088815,2936.01519441
BTC_JPY,2020-06-07T00:01:49.377,26605742,1059968.0,1060513.0,0.02,0.15,1983.94269865,1366.71690938,1059970.0,81148.12187070001,2934.77969428
BTC_JPY,2020-06-07T00:01:54.397,26605859,1059968.0,1060455.0,0.02,0.5167,1984.00694865,1367.32810938,1059970.0,81146.66452817,2933.91829428
BTC_JPY,2020-06-07T00:01:58.967,26605964,1059968.0,1060442.0,0.02,0.6667,1984.00834865,1366.83810938,1059970.0,81126.26201242,2933.89829428
BTC_JPY,2020-06-07T00:02:04.777,26606129,1059272.0,1059968.0,0.32,0.02,1981.68695332,1369.70413677,1059500.0,81126.05376153,2931.96279678
BTC_JPY,2020-06-07T00:02:09.517,26606282,1059288.0,1059961.0,0.4145,0.1,1982.55192397,1368.02503664,1059943.0,81099.74313554,2931.80379678
BTC_JPY,2020-06-07T00:02:13.997,26606411,1059478.0,1059968.0,0.4645,0.84,1984.69552872,1369.25976217,1059943.0,81074.61567051,2930.75205428
BTC_JPY,2020-06-07T00:02:19.473,26606495,1059488.0,1059968.0,0.05,0.02,1983.31702872,1368.43886217,1059943.0,81054.87446992,2928.20991732
BTC_JPY,2020-06-07T00:02:24.743,26606612,1059161.0,1060119.0,1.0,0.32,1982.40176939,1369.33335285,1059968.0,81046.01528274,2927.02991732
BTC_JPY,2020-06-07T00:05:09.153,26609426,1059000.0,1059532.0,0.00988203,1.0,1975.22111225,1372.94696025,1059549.0,80594.53824426,2899.5369644
BTC_JPY,2020-06-07T00:05:14.06,26609557,1058800.0,1059447.0,0.05,1.0,1973.50770259,1373.15461555,1059000.0,80585.20723359,2899.34584643
BTC_JPY,2020-06-07T00:05:19.573,26609709,1058800.0,1059273.0,0.05,0.5174,1972.80090755,1372.10062051,1059000.0,80581.82966068,2897.75804643
BTC_JPY,2020-06-07T00:05:24.273,26609826,1058800.0,1059192.0,0.05,0.4174,1974.82504755,1371.10702038,1059000.0,80577.67552316,2897.75804643
BTC_JPY,2020-06-07T00:05:28.9,26609961,1058630.0,1059127.0,0.1,0.8101,1972.99968755,1370.89933881,1058630.0,80573.32884603,2898.03464643
BTC_JPY,2020-06-07T00:05:34.747,26610057,1058522.0,1059076.0,0.25,0.31,1973.71336755,1369.31300715,1058630.0,80558.6427554,2896.98724643
BTC_JPY,2020-06-07T00:05:38.917,26610170,1058642.0,1059434.0,0.25,1.0,1971.96548581,1370.55212287,1058630.0,80550.83284235,2896.96624643
BTC_JPY,2020-06-07T00:05:44.263,26610241,1058746.0,1059424.0,0.4101,0.31,1972.30994581,1371.31812287,1058630.0,80541.58784759,2896.86624643
BTC_JPY,2020-06-07T00:05:49.197,26610320,1058742.0,1059179.0,0.32,0.1,1973.55384581,1370.44362827,1058630.0,80520.0016709,2895.7735157
BTC_JPY,2020-06-07T00:05:54.153,26610357,1058708.0,1059178.0,0.3,0.1,1973.99662581,1370.54942827,1058630.0,80513.11462434,2895.0135157
BTC_JPY,2020-06-07T00:05:59.38,26610441,1058500.0,1058719.0,0.03010851,0.01,1972.97784568,1369.75762814,1058500.0,80511.04543847,2896.26151583
BTC_JPY,2020-06-07T00:06:04.847,26610546,1058423.0,1058719.0,0.1,0.01,1973.85853716,1368.94961268,1058500.0,80520.41456036,2896.27342934
BTC_JPY,2020-06-07T00:06:09.513,26610634,1058437.0,1059097.0,0.4008,1.0,1972.49828763,1369.53237674,1058500.0,80508.47260527,2895.22442934
BTC_JPY,2020-06-07T00:06:14.43,26610773,1058448.0,1059057.0,0.4007,1.0,1972.54906767,1369.65217687,1058500.0,80501.32993926,2894.88930557
BTC_JPY,2020-06-07T00:06:20.07,26610902,1058500.0,1059008.0,0.01,0.15,1970.89357767,1369.45347674,1058500.0,80504.56399672,2894.88930557
BTC_JPY,2020-06-07T00:06:24.167,26610962,1058423.0,1058980.0,0.04988004,0.4119,1970.78357768,1370.28097674,1058500.0,80500.88327158,2894.74930557
BTC_JPY,2020-06-07T00:06:29.3,26611149,1057558.0,1058286.0,0.1,0.7956,1970.29423347,1370.36047257,1057630.0,80507.88296733,2895.85898572
BTC_JPY,2020-06-07T00:06:34.403,26611298,1057583.0,1058151.0,0.1,0.1,1974.63292321,1370.69400344,1057630.0,80527.32998475,2895.85898572
BTC_JPY,2020-06-07T00:06:39.59,26611485,1057697.0,1058406.0,0.3,0.1,1976.43595318,1373.19679319,1057630.0,80530.87900745,2895.84898572
BTC_JPY,2020-06-07T00:06:44.797,26611621,1057848.0,1058485.0,0.1,0.1,1974.96596304,1372.15419319,1057630.0,80517.31717177,2895.84898572
BTC_JPY,2020-06-07T00:06:49.54,26611708,1057876.0,1058500.0,0.3,0.01,1978.89888317,1372.85739321,1057630.0,80483.77440083,2894.45388572
BTC_JPY,2020-06-07T00:06:54.177,26611831,1057911.0,1058500.0,0.1,0.01,1978.37962317,1372.27859321,1057884.0,80454.52605826,2894.65638572
BTC_JPY,2020-06-07T00:06:58.727,26611978,1057719.0,1058385.0,0.1,0.4927,1978.04802807,1371.53399823,1057884.0,80460.34496478,2894.60538572
BTC_JPY,2020-06-07T00:07:04.66,26612096,1057895.0,1058497.0,0.1,1.0,1978.10502807,1372.79889823,1057884.0,80451.34777688,2894.26038572
BTC_JPY,2020-06-07T00:07:09.03,26612215,1057936.0,1058629.0,0.1587,0.1,1975.22272805,1369.62960343,1057884.0,80466.56966959,2894.26038572
BTC_JPY,2020-06-07T00:07:14.073,26612307,1057987.0,1058629.0,0.3927,0.1,1978.41932805,1371.95040343,1057884.0,80473.61362412,2894.26038572
BTC_JPY,2020-06-07T00:07:19.5,26612352,1058049.0,1058629.0,0.3927,0.1,1979.41862805,1372.48970343,1057884.0,80469.34921173,2894.26038572
BTC_JPY,2020-06-07T00:07:24.69,26612416,1058049.0,1058625.0,0.3927,0.1,1980.47838805,1372.80030343,1057884.0,80465.15295114,2894.06038572
BTC_JPY,2020-06-07T00:10:10.09,26615731,1057884.0,1058300.0,0.72,0.3951,2001.77093602,1372.52438824,1057884.0,80372.21702519,2885.5415893000004
BTC_JPY,2020-06-07T00:10:14.86,26615815,1057900.0,1058273.0,0.5,0.3,2004.27593602,1372.84328824,1058301.0,80367.56143731,2885.5018093000012
BTC_JPY,2020-06-07T00:10:19.233,26615862,1057900.0,1058268.0,0.5,0.15,2003.85633602,1372.56328824,1058301.0,80363.19300786,2885.23992273
BTC_JPY,2020-06-07T00:10:24.927,26615938,1057900.0,1058388.0,0.5,0.1,2003.95762602,1372.01352764,1058301.0,80365.2540786,2886.22992273
BTC_JPY,2020-06-07T00:10:28.833,26616001,1057900.0,1058378.0,0.5,1.0,2003.88814602,1371.98852764,1058301.0,80356.46515429,2886.19992273
BTC_JPY,2020-06-07T00:10:34.42,26616054,1057900.0,1058367.0,0.5,0.15,2004.18329602,1371.83852764,1058301.0,80345.97624633,2886.16992273
BTC_JPY,2020-06-07T00:10:38.77,26616087,1057900.0,1058369.0,0.5,0.2,1998.09613602,1373.11452764,1058301.0,80344.03178176,2886.16992273
BTC_JPY,2020-06-07T00:10:44.553,26616158,1057900.0,1058422.0,0.40010999,0.1,1998.00011601,1373.05602764,1057900.0,80339.33862211,2886.22281274
BTC_JPY,2020-06-07T00:10:49.283,26616223,1057900.0,1058412.0,0.16010999,0.15,1997.79211601,1374.50602764,1057900.0,80334.74285155,2886.46281274
BTC_JPY,2020-06-07T00:10:54.08,26616272,1057900.0,1058425.0,0.01010999,0.1,1997.34211601,1373.78992764,1057900.0,80333.19523126,2886.61281274
BTC_JPY,2020-06-07T00:10:59.157,26616321,1057900.0,1058415.0,0.01010999,0.1,1997.66211601,1373.96592764,1057900.0,80330.21983073,2886.61281274
BTC_JPY,2020-06-07T00:11:03.813,26616381,1057900.0,1058422.0,0.01010999,0.5952,1997.67211601,1374.61112764,1057900.0,80314.40226791,2886.61281274
BTC_JPY,2020-06-07T00:11:10.01,26616470,1057900.0,1058000.0,0.31010999,1.787,1996.95211601,1375.55842764,1057900.0,80300.32068426,2886.61281274
BTC_JPY,2020-06-07T00:11:14.4,26616497,1057900.0,1058000.0,0.31010999,1.787,1999.03311601,1375.36742764,1057900.0,80269.45586094,2885.20181274
BTC_JPY,2020-06-07T00:11:19.247,26616514,1057900.0,1058000.0,0.11010999,1.787,1999.17994601,1375.68742764,1057900.0,80261.22187979,2885.40181274
BTC_JPY,2020-06-07T00:11:23.913,26616528,1057900.0,1058000.0,0.11010999,1.787,1999.12277601,1375.61102764,1057900.0,80248.13370719,2885.20181274
BTC_JPY,2020-06-07T00:11:27.573,26616545,1057900.0,1058000.0,0.11010999,1.787,1999.17558601,1375.27432764,1057900.0,80235.87586668,2884.59081274
BTC_JPY,2020-06-07T00:11:31.643,26616559,1057900.0,1058000.0,0.11010999,1.787,1999.14558601,1375.27432764,1057900.0,80218.84640688,2884.58881274
BTC_JPY,2020-06-07T00:11:39.303,26616578,1057900.0,1058000.0,0.11010999,1.6869999999999998,1998.80658601,1375.17432165,1058000.0,80205.06993254,2884.46681274
BTC_JPY,2020-06-07T00:11:42.21,26616594,1057900.0,1058000.0,0.11010999,1.6869999999999998,1996.79046601,1375.13522165,1058000.0,80210.58487266,2884.46681274
BTC_JPY,2020-06-07T00:11:49.393,26616621,1057900.0,1058000.0,0.11010999,0.04411266,1999.23077601,1371.97234553,1058000.0,80200.99806304,2884.14170008
BTC_JPY,2020-06-07T00:11:54.583,26616720,1058023.0,1058630.0,0.1917,0.1,2000.40304259,1373.3748841,1058542.0,80204.41015218,2883.75846552
BTC_JPY,2020-06-07T00:11:59.137,26616830,1058034.0,1058630.0,0.1909,0.1,2000.85797699,1373.58731793,1058542.0,80187.41407833,2882.54846552
BTC_JPY,2020-06-07T00:12:04.713,26616968,1058245.0,1058630.0,0.32,0.1,2002.20236425,1373.14121519,1058542.0,80187.09629383,2882.14846539
BTC_JPY,2020-06-07T00:12:09.717,26617083,1058245.0,1058630.0,0.32,0.1,2000.51476426,1373.54861519,1058542.0,80153.84128796,2881.8569406
BTC_JPY,2020-06-07T00:12:14.283,26617174,1058246.0,1058630.0,0.3,0.1,2000.85245426,1373.76781519,1058542.0,80134.32819243,2881.8069406
BTC_JPY,2020-06-07T00:12:19.437,26617278,1058256.0,1058630.0,0.15,0.1,2001.23545425,1373.76781519,1058542.0,80127.13904514,2879.7975406
BTC_JPY,2020-06-07T00:12:24.237,26617357,1058255.0,1058630.0,0.32,0.1,2000.69245425,1372.63926809,1058542.0,80124.36733432,2879.7975406
BTC_JPY,2020-06-07T00:15:09.677,26620234,1058500.0,1058967.0,0.01,0.1,1999.66760877,1370.20170075,1058785.0,79808.60655061,2848.81224879
BTC_JPY,2020-06-07T00:15:13.633,26620260,1058500.0,1058954.0,0.01,0.1,2000.05860877,1370.47220075,1058785.0,79791.63222062,2842.74612148
BTC_JPY,2020-06-07T00:15:19.503,26620308,1058500.0,1058966.0,0.01,0.1,1999.53118877,1370.27220075,1058785.0,79772.57261279,2840.04708539
BTC_JPY,2020-06-07T00:15:23.94,26620353,1058500.0,1058942.0,0.01,0.1,1999.73185877,1371.46220075,1058785.0,79735.73742633,2837.83708526
BTC_JPY,2020-06-07T00:15:29.797,26620401,1058500.0,1058929.0,0.01,0.2,1999.77125877,1371.57630075,1058785.0,79711.38022697,2835.97678551
BTC_JPY,2020-06-07T00:15:33.923,26620429,1058500.0,1058785.0,0.01,0.009000000000000001,2001.58710877,1370.89530075,1058785.0,79700.05236874,2833.40630551
BTC_JPY,2020-06-07T00:15:39.48,26620479,1058500.0,1058785.0,0.01,0.009000000000000001,2001.23052877,1369.50789975,1058785.0,79697.40290700001,2833.40630551
BTC_JPY,2020-06-07T00:15:44.643,26620506,1058226.0,1058773.0,0.4036,0.2,2001.21052877,1370.09590075,1058500.0,79682.02498035,2833.41630551
BTC_JPY,2020-06-07T00:15:49.067,26620543,1058226.0,1058773.0,0.4036,0.2,2001.52127877,1369.20089975,1058500.0,79664.71013537,2831.94130451
BTC_JPY,2020-06-07T00:15:54.86,26620592,1058226.0,1058760.0,0.4036,0.189999,2001.61046877,1371.61689975,1058500.0,79655.86719191,2830.88330451
BTC_JPY,2020-06-07T00:15:59.6,26620640,1058023.0,1058784.0,0.02,0.01,2000.55575877,1371.88420076,1058500.0,79619.96740385,2829.50530451
BTC_JPY,2020-06-07T00:16:04.283,26620733,1058026.0,1058785.0,0.4036,0.109,2000.80815864,1371.43640076,1058784.0,79612.71543451,2828.61350406
BTC_JPY,2020-06-07T00:16:09.62,26620870,1058048.0,1058700.0,0.15,0.1,2000.92055877,1370.85940076,1058784.0,79603.25424458,2828.61350406
BTC_JPY,2020-06-07T00:16:14.647,26620978,1058073.0,1058949.0,0.3988,0.1298,2000.42695877,1370.33040076,1058782.0,79591.40028431,2828.57350406
BTC_JPY,2020-06-07T00:16:19.093,26621084,1058096.0,1058950.0,0.070001,0.02,2000.91815977,1370.61580076,1058782.0,79591.17672245,2828.57350406
BTC_JPY,2020-06-07T00:16:24.11,26621185,1058120.0,1058949.0,0.6988,0.1273,2002.37695977,1370.66080076,1058782.0,79588.02068679,2828.57350406
BTC_JPY,2020-06-07T00:16:29.317,26621279,1058785.0,1058950.0,0.0653,0.02,2001.81975977,1369.30660076,1058782.0,79585.68913185,2828.54450406
BTC_JPY,2020-06-07T00:16:34.96,26621382,1058785.0,1058950.0,0.0653,0.02,2002.29847876,1369.18740076,1058782.0,79582.96707066,2828.54450406
BTC_JPY,2020-06-07T00:16:38.793,26621395,1058785.0,1058950.0,0.0553,0.02,2002.11847876,1369.18740076,1058785.0,79578.79644457,2828.55450406
BTC_JPY,2020-06-07T00:16:44.5,26621412,1058785.0,1058950.0,0.0553,0.02,2001.98577876,1369.20740076,1058785.0,79576.60114933,2828.51450506
BTC_JPY,2020-06-07T00:16:49.347,26621434,1058785.0,1058950.0,0.0553,0.02,2002.00948106,1369.61708446,1058785.0,79572.65836962,2828.31450506
BTC_JPY,2020-06-07T00:16:53.913,26621476,1058785.0,1058950.0,0.0553,0.02,2001.73452093,1369.32998433,1058785.0,79568.19567544,2828.31450506
BTC_JPY,2020-06-07T00:16:59.107,26621530,1058785.0,1058902.0,0.0553,0.1,2001.80472106,1369.88428446,1058785.0,79563.70521019,2828.10450506
BTC_JPY,2020-06-07T00:17:04.873,26621570,1058785.0,1058902.0,0.0553,0.1,2001.91102106,1370.18308446,1058785.0,79556.8926557,2828.10450506
BTC_JPY,2020-06-07T00:17:09.203,26621693,1058023.0,1058615.0,0.02,0.15,1998.09455111,1372.02042656,1058500.0,79561.96013489,2828.21410736
BTC_JPY,2020-06-07T00:17:14.363,26621806,1058023.0,1058479.0,0.02,0.3,2001.5621653,1372.03303309,1058500.0,79564.81490345,2828.20410736
BTC_JPY,2020-06-07T00:17:19.417,26621896,1058023.0,1058447.0,0.02,1.0,2000.1582253,1372.92303309,1058453.0,79566.10805305,2828.21410736
BTC_JPY,2020-06-07T00:17:24.29,26621984,1058023.0,1058397.0,0.02,0.19,1999.87107517,1372.23563309,1058453.0,79562.80676288,2828.21410736
BTC_JPY,2020-06-07T00:20:10.4,26625793,1056285.0,1057057.0,0.15,0.3,1989.83937148,1375.64850177,1056231.0,79547.01790153,2823.25273138
BTC_JPY,2020-06-07T00:20:14.37,26625869,1056285.0,1057077.0,0.05,0.4171,1989.92644702,1375.09121627,1057077.0,79528.72577741,2823.27273138
BTC_JPY,2020-06-07T00:20:19.093,26625979,1056234.0,1057233.0,0.3,0.4371,1988.77596948,1375.42269886,1057077.0,79522.01762885,2823.27273138
BTC_JPY,2020-06-07T00:20:24.957,26626142,1056984.0,1057729.0,0.058879999999999995,0.15,1990.50531264,1376.17107108,1057329.0,79526.45246127,2824.61153138
BTC_JPY,2020-06-07T00:20:29.13,26626246,1056936.0,1057729.0,0.1,0.15,1993.98694446,1373.91253372,1056937.0,79527.23293885,2824.82153038
BTC_JPY,2020-06-07T00:20:34.73,26626344,1056939.0,1057783.0,0.05,0.3,1994.66576446,1375.12123372,1057784.0,79528.40936884,2824.93653088
BTC_JPY,2020-06-07T00:20:40,26626433,1056945.0,1057804.0,0.15,0.1,1994.7986445999998,1374.82093398,1056936.0,79532.85897371,2824.94153088
BTC_JPY,2020-06-07T00:20:44.49,26626552,1057199.0,1057803.0,0.32,0.4387,1994.33000473,1375.90834984,1056941.0,79536.70448010003,2825.04149088
BTC_JPY,2020-06-07T00:20:49.24,26626606,1057128.0,1057800.0,0.1,0.4387,1994.55282265,1377.54038779,1056941.0,79534.78948025,2824.58549088
BTC_JPY,2020-06-07T00:20:54.59,26626665,1056942.0,1057795.0,0.1,0.4387,1995.1926505999998,1379.81973574,1056941.0,79526.23103248,2824.58549088
BTC_JPY,2020-06-07T00:20:59.71,26626740,1056940.0,1057785.0,0.1,0.4387,1994.0794706,1379.28143575,1056941.0,79502.32806055,2822.60719461
BTC_JPY,2020-06-07T00:21:04.737,26626810,1056889.0,1057500.0,0.15,0.005,1994.49152047,1377.34534984,1056941.0,79499.53374421,2822.60719461
BTC_JPY,2020-06-07T00:21:09.19,26626881,1056791.0,1057500.0,0.054220000000000004,0.005,1992.49130047,1378.18544984,1056941.0,79498.4075063,2822.60719461
BTC_JPY,2020-06-07T00:21:14.483,26626958,1056901.0,1057496.0,0.2,0.15,1997.09631047,1378.20060176,1056941.0,79496.31176154,2822.10719461
BTC_JPY,2020-06-07T00:21:20.043,26627004,1056941.0,1057489.0,0.5,0.15,1997.2793106,1378.56554984,1056941.0,79489.46988161,2821.12599816
BTC_JPY,2020-06-07T00:21:24.153,26627110,1057340.0,1058233.0,0.05507000000000002,0.4336,1998.47295059,1372.08630177,1057804.0,79512.55558012,2821.53099816
BTC_JPY,2020-06-07T00:21:29.39,26627216,1057312.0,1058213.0,0.1,0.7309,1997.13275464,1375.37952648,1057804.0,79516.91608032,2821.53099816
BTC_JPY,2020-06-07T00:21:34.733,26627332,1057172.0,1058169.0,0.14400000000000002,0.1545,1998.04976068,1375.81262648,1057804.0,79525.10335858,2821.53099816
BTC_JPY,2020-06-07T00:21:39.183,26627488,1056950.0,1057777.0,0.060489999999999995,0.15,1998.35513059,1377.90510189,1057804.0,79544.10926354,2821.53099816
BTC_JPY,2020-06-07T00:21:45.027,26627578,1057800.0,1057890.0,0.09000099,0.30000013,1999.52301171,1378.23782648,1057800.0,79539.83179245,2820.77652336
BTC_JPY,2020-06-07T00:21:49.21,26627639,1057159.0,1057879.0,0.1,0.4271,1998.25281613,1381.12410687,1057800.0,79538.34842467,2820.86652435
BTC_JPY,2020-06-07T00:21:54.223,26627719,1057159.0,1057785.0,0.1,0.4271,1999.07615121,1381.27650837,1057800.0,79542.09302209,2820.86652435
BTC_JPY,2020-06-07T00:21:59.943,26627798,1057159.0,1057770.0,0.1,0.30000013,1998.61994121,1379.72632137,1057800.0,79543.90673009,2820.85652435
BTC_JPY,2020-06-07T00:22:03.923,26627837,1057159.0,1057769.0,0.2,0.15,1998.64594121,1380.38139528,1057800.0,79544.49773009,2820.85652435
BTC_JPY,2020-06-07T00:22:07.83,26627864,1057159.0,1057772.0,0.2,1.8780933999999998,1998.72594121,1380.62542137,1057800.0,79539.82638282,2819.9208589
BTC_JPY,2020-06-07T00:22:14.263,26627888,1057160.0,1057772.0,0.4271,1.8780933999999998,1997.04204121,1380.62442137,1057800.0,79537.9960722,2819.5678589000013
BTC_JPY,2020-06-07T00:22:20.05,26628008,1057169.0,1057797.0,0.4,1.1331358999999999,1997.35214121,1379.09846388,1057800.0,79548.71993224,2819.4208589
BTC_JPY,2020-06-07T00:22:24.29,26628101,1057166.0,1057905.0,0.161,0.3,1998.71729121,1378.10582798,1057800.0,79547.0922763,2819.2208589
BTC_JPY,2020-06-07T00:25:10.063,26631356,1058664.0,1058972.0,0.15,0.02,2001.6946312,1374.96162286,1058888.0,79559.20172641,2815.44275476
BTC_JPY,2020-06-07T00:25:14.593,26631457,1058661.0,1058972.0,0.4351,0.04,2001.6143212,1374.76352186,1058888.0,79560.0752473,2815.44275476
BTC_JPY,2020-06-07T00:25:19.567,26631539,1058888.0,1058972.0,0.12000099,0.04,2001.35384712,1375.79572286,1058888.0,79559.9821666,2815.46275377
BTC_JPY,2020-06-07T00:25:24.58,26631590,1058888.0,1058972.0,0.12000099,0.04,1999.7198463,1375.76282697,1058888.0,79560.05339887,2815.41275377
BTC_JPY,2020-06-07T00:25:29.783,26631616,1058888.0,1058972.0,0.61000198,0.04,2002.96734729,1375.35220779,1058888.0,79549.7474845,2815.42275278
BTC_JPY,2020-06-07T00:25:35.087,26631650,1058888.0,1058900.0,0.61000198,0.005,2003.70357729,1376.21862597,1058888.0,79540.61482149,2815.42275278
BTC_JPY,2020-06-07T00:25:39.783,26631733,1058888.0,1058900.0,0.60000297,0.005,2002.49088897,1376.38052697,1058888.0,79534.78169024,2815.21275179
BTC_JPY,2020-06-07T00:25:43.683,26631759,1058888.0,1058900.0,0.60000297,0.005,2003.42230828,1375.05552697,1058888.0,79526.80077077,2815.21275179
BTC_JPY,2020-06-07T00:25:48.207,26631786,1058888.0,1058900.0,0.40000297,0.005,2001.05275828,1375.05552697,1058888.0,79524.58084003,2815.41275179
BTC_JPY,2020-06-07T00:25:54.337,26631808,1058888.0,1058900.0,0.39000396,0.005,2002.58733927,1374.53752698,1058888.0,79515.75809136,2815.4227508000013
BTC_JPY,2020-06-07T00:25:56.723,26631820,1058888.0,1058900.0,0.39000396,0.005,2002.66525927,1374.53402698,1058888.0,79516.7999661,2815.4227508000013
BTC_JPY,2020-06-07T00:26:04.217,26631845,1058888.0,1058900.0,0.38000495,0.005,2002.64466026,1374.53402698,1058888.0,79517.97270741,2815.43274981
BTC_JPY,2020-06-07T00:26:09.16,26631864,1058888.0,1058900.0,0.38000495,0.005,2003.05466026,1374.98172697,1058888.0,79515.98670741,2815.43274981
BTC_JPY,2020-06-07T00:26:14.9,26631892,1058888.0,1058900.0,0.37000594,0.005,2002.21580125,1374.23562697,1058888.0,79509.98904701,2815.44274882
BTC_JPY,2020-06-07T00:26:19.87,26631928,1058888.0,1058900.0,0.37000594,0.005,2002.23424125,1373.73172697,1058888.0,79508.22854701,2815.44274882
BTC_JPY,2020-06-07T00:26:24.31,26631963,1058888.0,1058900.0,0.37000594,0.005,2003.13881125,1375.34172697,1058888.0,79507.94444701,2815.44274882
BTC_JPY,2020-06-07T00:26:27.953,26631985,1058888.0,1058900.0,0.36000693,0.005,2003.15542224,1375.34172697,1058888.0,79506.57554602,2815.45274783
BTC_JPY,2020-06-07T00:26:32.75,26632002,1058888.0,1058900.0,0.36000693,0.005,2003.13031224,1375.34172697,1058888.0,79505.51939548,2815.45274783
BTC_JPY,2020-06-07T00:26:37.08,26632023,1058888.0,1058900.0,0.35000792,0.005,2003.12247323,1375.34612697,1058888.0,79508.53845528,2815.46274684
BTC_JPY,2020-06-07T00:26:41.95,26632032,1058888.0,1058900.0,0.15000792,0.005,2003.24147323,1375.75912697,1058888.0,79502.82614215,2815.66274684
BTC_JPY,2020-06-07T00:26:48.79,26632042,1058888.0,1058900.0,0.14000891,0.005,2003.22147422,1375.75912697,1058888.0,79497.28327696,2815.66274585
BTC_JPY,2020-06-07T00:26:54.067,26632060,1058888.0,1058900.0,0.14000891,0.005,2000.91905409,1375.75912697,1058888.0,79494.19818818,2815.66274585
BTC_JPY,2020-06-07T00:26:58.16,26632078,1058888.0,1058900.0,0.14000891,0.005,2003.20907422,1375.75912697,1058888.0,79487.17708818,2815.66274585
BTC_JPY,2020-06-07T00:27:04.503,26632111,1058888.0,1058900.0,0.1200099,0.005,2002.60072521,1375.66712697,1058888.0,79483.55679317,2815.42766486
BTC_JPY,2020-06-07T00:27:09.16,26632138,1058888.0,1058900.0,0.1200099,0.005,2002.61596521,1375.66712697,1058888.0,79466.93702973,2814.92566486
BTC_JPY,2020-06-07T00:27:14.553,26632252,1058500.0,1058874.0,0.01000199,0.2,1996.3464373,1376.16302598,1058500.0,79477.19899457,2815.05567277
BTC_JPY,2020-06-07T00:27:19.437,26632360,1058500.0,1058843.0,0.01000199,0.15,1998.6988373,1376.88512597,1058500.0,79470.79446777,2815.05567277
BTC_JPY,2020-06-07T00:27:24.483,26632468,1058500.0,1058813.0,2.98e-06,0.3,1998.74469829,1377.38302697,1058500.0,79467.14894604,2815.06567178
BTC_JPY,2020-06-07T00:30:03.97,26635009,1059169.0,1059500.0,0.1,0.1109991,1999.28071147,1375.41227023,1059500.0,79357.41421046,2811.4573389
BTC_JPY,2020-06-07T00:30:09.69,26635128,1059114.0,1059488.0,0.15000151,0.01,1995.55531764,1375.00087023,1059114.0,79356.28490814,2811.52518122
BTC_JPY,2020-06-07T00:30:13.927,26635232,1058793.0,1059448.0,0.32,0.01,1999.49302089,1375.41238965,1059114.0,79367.87460209,2811.51518122
BTC_JPY,2020-06-07T00:30:19.07,26635358,1058509.0,1059436.0,0.35,0.01,2000.17905089,1375.91198766,1059114.0,79361.46427628,2811.51518122
BTC_JPY,2020-06-07T00:30:24.42,26635492,1058623.0,1059436.0,0.6114,0.01,1998.75133089,1376.61648965,1059114.0,79356.15882675,2811.41518122
BTC_JPY,2020-06-07T00:30:29.5,26635612,1058635.0,1059423.0,0.4304,0.15,1999.4402546000001,1376.71148766,1059114.0,79348.32279462,2811.09518122
BTC_JPY,2020-06-07T00:30:34.893,26635744,1058503.0,1059350.0,0.15,0.15,2000.0254046,1376.78438766,1059114.0,79332.21491278,2811.09518122
BTC_JPY,2020-06-07T00:30:39.363,26635871,1058526.0,1059300.0,0.15,0.01,1999.6677145999997,1376.55928965,1059114.0,79330.29982366,2811.09518122
BTC_JPY,2020-06-07T00:30:44.727,26635993,1059114.0,1059286.0,0.001,0.15,1999.5058146,1377.46808965,1059114.0,79328.1190043,2811.05218122
BTC_JPY,2020-06-07T00:30:49.713,26636086,1059114.0,1059411.0,0.001,0.15,2000.2092046,1377.46948965,1059114.0,79324.42190504,2811.05218122
BTC_JPY,2020-06-07T00:30:53.967,26636176,1059114.0,1059413.0,0.001,0.32,1999.99684447,1376.90108966,1059114.0,79325.92413937,2811.05218122
BTC_JPY,2020-06-07T00:30:59.703,26636296,1058886.0,1059469.0,0.4304,0.15,2000.2124746,1377.76278766,1059114.0,79327.35812376,2811.05318122
BTC_JPY,2020-06-07T00:31:04.94,26636399,1058888.0,1059483.0,0.4304,0.01,2000.3196745999999,1376.28488965,1059114.0,79323.87212233,2811.05318122
BTC_JPY,2020-06-07T00:31:09.803,26636506,1058681.0,1059454.0,0.15,0.01,1999.7391046,1376.01908766,1059114.0,79321.3880725,2811.05318122
BTC_JPY,2020-06-07T00:31:14.867,26636625,1058699.0,1059494.0,0.5804,0.3459,2000.3695046,1376.42498965,1059114.0,79322.24333626,2811.05318122
BTC_JPY,2020-06-07T00:31:19.467,26636729,1058738.0,1059487.0,0.5304,0.15,2000.6996046,1376.27948952,1059114.0,79315.40086649,2811.05318122
BTC_JPY,2020-06-07T00:31:24.09,26636839,1058802.0,1059479.0,0.0811,0.15,2000.72070044,1377.21288965,1059114.0,79315.96898713,2811.05318122
BTC_JPY,2020-06-07T00:31:29.11,26636965,1058688.0,1059489.0,0.05475,0.07999801,1999.67008031,1375.47998766,1059114.0,79308.55080618,2811.02318122
BTC_JPY,2020-06-07T00:31:34.66,26637100,1058675.0,1059416.0,0.05943,0.37999801,2000.02316044,1377.28098766,1059114.0,79289.67215335,2811.02318122
BTC_JPY,2020-06-07T00:31:39.207,26637213,1058646.0,1059404.0,0.2243,0.66039801,2000.54766044,1377.57258766,1059114.0,79291.99087509,2810.92318122
BTC_JPY,2020-06-07T00:31:44.353,26637326,1058698.0,1059392.0,0.1,0.15,2000.48373044,1377.64258965,1059114.0,79291.91177923,2810.92318122
BTC_JPY,2020-06-07T00:31:48.967,26637426,1058743.0,1059382.0,0.1,0.15,2000.78373044,1376.93218952,1059114.0,79288.43659664,2810.92318122
BTC_JPY,2020-06-07T00:31:54.317,26637562,1058631.0,1059357.0,0.221,0.3,1999.77223044,1377.81658965,1059114.0,79285.56602783,2810.90601496
BTC_JPY,2020-06-07T00:31:59.42,26637697,1058659.0,1059324.0,0.2944,0.4304,2000.51983044,1376.98088966,1059114.0,79290.88399216,2810.82601496
BTC_JPY,2020-06-07T00:32:04.173,26637811,1058708.0,1059497.0,0.1,0.15,2000.30963044,1377.34208966,1059114.0,79291.68204216,2810.79649696
BTC_JPY,2020-06-07T00:32:09.533,26637936,1058758.0,1059484.0,0.1,0.4304,2000.19983044,1377.49348966,1059114.0,79290.28525981,2810.79649696
BTC_JPY,2020-06-07T00:32:14.047,26638047,1058801.0,1059479.0,0.2638,0.15,2000.24831044,1376.75718966,1059114.0,79294.48625981,2810.79649696
BTC_JPY,2020-06-07T00:32:18.86,26638159,1058666.0,1059463.0,0.31,0.4304,2000.61127044,1377.16878966,1059114.0,79295.63625981,2810.79649696
BTC_JPY,2020-06-07T00:35:04.227,26641684,1059474.0,1060000.0,0.1,0.02000002,1999.91057949,1374.07446957,1059884.0,79155.82191276,2802.17772263
BTC_JPY,2020-06-07T00:35:08.37,26641747,1059482.0,1060000.0,0.0633,0.02000002,1999.79387949,1373.10186957,1059884.0,79151.00210675,2802.17772263
BTC_JPY,2020-06-07T00:35:13.597,26641813,1059884.0,1060000.0,0.69000099,0.02000002,2000.54975048,1373.48646957,1059884.0,79153.52395459,2802.18772164
BTC_JPY,2020-06-07T00:35:17.83,26641831,1059884.0,1060000.0,0.69000099,0.02000002,1998.50310048,1373.40566957,1059884.0,79146.38549197,2802.08772164
BTC_JPY,2020-06-07T00:35:24.91,26641935,1059405.0,1060000.0,0.1663,0.02000002,2000.03644949,1374.79996771,1059884.0,79145.05972364,2802.47172263
BTC_JPY,2020-06-07T00:35:29.943,26642040,1059421.0,1060000.0,0.4167,0.02000002,2000.01714949,1375.1828697,1059884.0,79141.19703109,2802.46322263
BTC_JPY,2020-06-07T00:35:34.26,26642146,1059437.0,1060000.0,0.05704,0.02000002,2000.17647308,1374.75255329,1059884.0,79147.09754512,2802.46322263
BTC_JPY,2020-06-07T00:35:39.347,26642241,1059885.0,1060000.0,0.04212499,0.02000002,1999.74435807,1374.90185329,1059885.0,79152.55658599,2802.46322164
BTC_JPY,2020-06-07T00:35:44.623,26642276,1059885.0,1060000.0,0.04212499,0.02000002,1999.92307807,1374.87825329,1059885.0,79145.80700584,2802.46322164
BTC_JPY,2020-06-07T00:35:49.303,26642289,1059885.0,1060000.0,0.04212499,0.02000002,2000.02045807,1373.67825329,1059885.0,79145.08918555,2802.46322164
BTC_JPY,2020-06-07T00:35:54.513,26642318,1059885.0,1060000.0,0.04212499,0.02000002,1999.59865807,1373.4134533,1059885.0,79146.84137576,2802.36322164
BTC_JPY,2020-06-07T00:35:57.283,26642331,1059885.0,1060000.0,0.04212499,0.02000002,2000.10548807,1373.5738533,1059885.0,79143.49472628,2802.14822164
BTC_JPY,2020-06-07T00:36:02.617,26642354,1059885.0,1060000.0,0.04212499,0.02000002,1999.63753807,1374.4908533,1059885.0,79137.70709091,2802.14822164
BTC_JPY,2020-06-07T00:36:10.087,26642408,1059885.0,1060100.0,0.04212499,0.01,1999.73115807,1370.54790588,1060000.0,79132.33209649,2802.16822166
BTC_JPY,2020-06-07T00:36:14.13,26642491,1059805.0,1060100.0,0.15,0.01,1999.80341983,1371.29310803,1060000.0,79126.22494168,2802.16723166
BTC_JPY,2020-06-07T00:36:19.95,26642554,1059801.0,1060100.0,0.30000013,0.01,2000.10171983,1372.29840803,1060000.0,79123.56315651,2800.10822166
BTC_JPY,2020-06-07T00:36:24.38,26642582,1059812.0,1060100.0,0.15,0.01,1999.81631983,1372.29840803,1060000.0,79122.49825260001,2800.10822166
BTC_JPY,2020-06-07T00:36:29.097,26642616,1060000.0,1060374.0,0.03000099,0.08699801,1999.62439085,1372.24240802,1060374.0,79121.81302546,2800.36822067
BTC_JPY,2020-06-07T00:36:34.397,26642738,1060000.0,1060406.0,0.03000099,0.01,2000.50452146,1372.80217062,1060374.0,79077.04497763,2799.00522067
BTC_JPY,2020-06-07T00:36:39.137,26642812,1060000.0,1060406.0,0.03000099,0.1,2001.10611146,1372.89217062,1060406.0,79016.99776089999,2798.62332067
BTC_JPY,2020-06-07T00:36:45.183,26642906,1060000.0,1060406.0,0.03000099,0.1999,2001.13565146,1372.59617062,1060374.0,78998.64313774,2798.73452067
BTC_JPY,2020-06-07T00:36:49.603,26642974,1060000.0,1060406.0,0.03000099,0.1999,2001.12565146,1372.59617062,1060374.0,78995.88556315,2798.21552067
BTC_JPY,2020-06-07T00:36:54.68,26643068,1060000.0,1060406.0,0.02000198,0.1999,2001.01451245,1372.59617062,1060000.0,78996.00956216,2797.30551968
BTC_JPY,2020-06-07T00:36:59.65,26643145,1060000.0,1060406.0,0.02000198,0.1999,2001.54681245,1373.53047062,1060000.0,78990.48636205,2791.70231957
BTC_JPY,2020-06-07T00:37:04.54,26643252,1059690.0,1060374.0,0.3,0.1,2000.57295034,1374.83047062,1060000.0,78949.04424176,2787.75789473
BTC_JPY,2020-06-07T00:37:09.35,26643404,1059752.0,1060570.0,0.05319,0.26999999,2001.16977986,1371.75051002,1060500.0,78905.85538503,2787.50354804
BTC_JPY,2020-06-07T00:37:14.687,26643538,1060003.0,1060594.0,0.4236,0.002,2000.70390986,1373.50851003,1060148.0,78859.01829065,2784.02434666
BTC_JPY,2020-06-07T00:37:19.71,26643635,1060017.0,1060593.0,0.4236,0.15,2000.42901571,1373.47075486,1060148.0,78839.93101087,2783.61434666
BTC_JPY,2020-06-07T00:40:04.427,26645399,1059500.0,1059815.0,0.01,0.02,1998.84568239,1374.18496047,1059730.0,78373.50156421,2651.90138325
BTC_JPY,2020-06-07T00:40:09.66,26645439,1059500.0,1059815.0,0.01,0.02,1998.84568239,1375.18736047,1059730.0,78355.26284144,2649.96450655
BTC_JPY,2020-06-07T00:40:15.1,26645478,1059500.0,1059815.0,0.01,0.02,1999.18568239,1375.50736047,1059730.0,78339.64084727,2648.77837624
BTC_JPY,2020-06-07T00:40:19.617,26645520,1059500.0,1059815.0,0.01,0.02,1999.16468239,1375.61736047,1059730.0,78333.10763662,2648.76837624
BTC_JPY,2020-06-07T00:40:23.503,26645552,1059500.0,1059815.0,0.01,0.02,1999.24868239,1375.40616047,1059730.0,78296.58389924,2622.92837611
BTC_JPY,2020-06-07T00:40:28.81,26645584,1059500.0,1059815.0,0.01,0.02,1999.20568239,1375.40616047,1059730.0,78284.9547592,2622.27837598
BTC_JPY,2020-06-07T00:40:33.39,26645612,1059500.0,1059815.0,0.01,0.02,1998.9590024,1375.40616047,1059730.0,78282.94490887,2621.97837598
BTC_JPY,2020-06-07T00:40:39.957,26645645,1059500.0,1059815.0,0.01,0.02,1999.21568239,1375.40626862,1059730.0,78266.00408781,2620.19904977
BTC_JPY,2020-06-07T00:40:44.213,26645665,1059500.0,1059815.0,0.01,0.02,1998.85259239,1375.40626862,1059730.0,78260.77872359,2618.9127746999998
BTC_JPY,2020-06-07T00:40:49.573,26645699,1059500.0,1059815.0,0.01,0.02,1999.21568239,1375.46206862,1059730.0,78255.93665361,2618.69785421
BTC_JPY,2020-06-07T00:40:54.04,26645723,1059500.0,1059815.0,0.01,0.02,1998.48239054,1375.14206862,1059730.0,78233.15233408,2618.56785421
BTC_JPY,2020-06-07T00:40:59.563,26645755,1059500.0,1059815.0,0.01,0.02,1998.27555054,1375.02206862,1059730.0,78225.03296741,2618.06727734
BTC_JPY,2020-06-07T00:41:03.997,26645771,1059500.0,1059815.0,0.01,0.02,1998.21679054,1375.02006862,1059730.0,78213.7413277,2618.06727734
BTC_JPY,2020-06-07T00:41:09.66,26645807,1059500.0,1059815.0,0.01,0.02,1998.22679054,1374.01966862,1059730.0,78199.22799697,2617.53736736
BTC_JPY,2020-06-07T00:41:14.147,26645843,1059500.0,1059815.0,0.01,0.02,1998.28317054,1374.39686862,1059730.0,78192.84444864,2616.50736736
BTC_JPY,2020-06-07T00:41:19.437,26645883,1059500.0,1059995.0,0.01,0.4144,1996.13327054,1374.69126862,1059730.0,78191.62048212,2615.76736736
BTC_JPY,2020-06-07T00:41:24.24,26645973,1059500.0,1059812.0,0.01,0.15,1995.13666571,1375.06696862,1059730.0,78190.73599674,2615.76736736
BTC_JPY,2020-06-07T00:41:29.79,26646116,1059500.0,1059604.0,0.01,0.1,1996.91719055,1376.02017302,1059730.0,78197.42509023,2614.44236686
BTC_JPY,2020-06-07T00:41:34.167,26646220,1059500.0,1059797.0,0.01,0.3,1996.52759055,1374.82675492,1059730.0,78193.1542292,2614.44236686
BTC_JPY,2020-06-07T00:41:39.64,26646320,1059500.0,1059784.0,0.01,0.1,1998.20019042,1376.44592532,1059730.0,78193.45302503,2614.14236686
BTC_JPY,2020-06-07T00:41:44.323,26646382,1059500.0,1059774.0,0.01,0.1,1998.23133055,1376.12592532,1059730.0,78193.05122503,2614.03736686
BTC_JPY,2020-06-07T00:41:49.973,26646474,1059500.0,1059763.0,0.01,0.3,1996.52846054,1376.32592532,1059773.0,78192.13667392,2614.04736686
BTC_JPY,2020-06-07T00:41:54.677,26646548,1059500.0,1059751.0,0.01,0.1,1996.55388054,1375.54833702,1059773.0,78156.86326506,2612.54736686
BTC_JPY,2020-06-07T00:41:59.853,26646624,1059500.0,1059740.0,0.01,0.3,1996.54527054,1375.84833702,1059773.0,78145.86075485,2612.44736686
BTC_JPY,2020-06-07T00:42:04.387,26646688,1059500.0,1059729.0,0.01,0.1,1997.49319054,1376.40312272,1059773.0,78142.00902125,2612.44736686
BTC_JPY,2020-06-07T00:42:09.693,26646749,1059500.0,1059717.0,0.016,0.25,1997.56078054,1376.40312272,1059773.0,78138.96986713,2612.44736686
BTC_JPY,2020-06-07T00:42:14.677,26646873,1058839.0,1059645.0,0.4133,0.3523,1998.44809041,1376.62426545,1058812.0,78132.99875681,2613.44776686
BTC_JPY,2020-06-07T00:42:19.123,26646994,1058889.0,1059633.0,0.2,0.40299999999999997,1999.28543525,1376.33786545,1058812.0,78129.18577056,2613.44776686
BTC_JPY,2020-06-07T00:45:04.623,26650285,1059597.0,1060100.0,0.15,0.06,1996.90632211,1371.55306468,1059699.0,77901.54092589,2606.41867912
BTC_JPY,2020-06-07T00:45:09.9,26650366,1059609.0,1060100.0,0.15,0.06,1997.00884198,1371.55136468,1059699.0,77892.50178255,2605.42667912
BTC_JPY,2020-06-07T00:45:14.187,26650443,1059563.0,1060100.0,0.15,0.06,1997.08352571,1371.58136468,1059699.0,77885.99018491,2605.42667912
BTC_JPY,2020-06-07T00:45:19.393,26650531,1059554.0,1060100.0,0.0055,0.06,1997.62824409,1372.61206468,1059699.0,77882.31834149,2604.64680214
BTC_JPY,2020-06-07T00:45:24.727,26650626,1059699.0,1060100.0,0.001,0.06,1994.67109211,1369.93048628,1059699.0,77880.02989973,2604.64680214
BTC_JPY,2020-06-07T00:45:29.743,26650722,1059554.0,1060100.0,0.0055,0.06,1994.04009198,1371.35393468,1059699.0,77875.41141032,2604.64780214
BTC_JPY,2020-06-07T00:45:34.09,26650797,1059554.0,1060100.0,0.0055,0.06,1996.18499409,1371.35393468,1059699.0,77866.05111096,2602.08067912
BTC_JPY,2020-06-07T00:45:39.46,26650878,1059554.0,1060096.0,0.0055,1.1325388,1996.11888571,1371.21302508,1059699.0,77856.39804532,2602.08067912
BTC_JPY,2020-06-07T00:45:44.443,26650966,1059554.0,1059699.0,0.0055,0.001,1995.61970409,1371.48659025,1059699.0,77855.89990642,2602.06367912
BTC_JPY,2020-06-07T00:45:48.92,26651047,1059554.0,1059699.0,0.0055,0.0106,1996.08410409,1371.79619038,1059699.0,77853.71884907,2602.06367912
BTC_JPY,2020-06-07T00:45:54.86,26651157,1059554.0,1059699.0,0.0055,0.0106,1995.97410211,1371.49619025,1059699.0,77851.77320401,2601.81367912
BTC_JPY,2020-06-07T00:45:59.13,26651225,1059554.0,1059699.0,0.0055,0.0106,1995.71770409,1371.78019038,1059699.0,77848.44448266,2601.67367912
BTC_JPY,2020-06-07T00:46:04.763,26651313,1059554.0,1059699.0,0.0055,0.0106,1996.0809821,1371.04807398,1059699.0,77851.54495225,2601.57367912
BTC_JPY,2020-06-07T00:46:08.893,26651388,1059554.0,1060100.0,0.0055,0.06,1996.8163921,1372.07409038,1059699.0,77840.30547616,2601.11807912
BTC_JPY,2020-06-07T00:46:14.02,26651478,1059554.0,1060100.0,0.0055,0.06,1997.21770408,1372.07399038,1059699.0,77839.30967692,2601.11807912
BTC_JPY,2020-06-07T00:46:19.413,26651588,1059554.0,1060100.0,0.0055,0.06,1997.31610408,1371.76359038,1059699.0,77842.23747977,2601.11807912
BTC_JPY,2020-06-07T00:46:24.413,26651669,1059554.0,1060100.0,0.0055,0.06,1997.1327021,1371.76359038,1059699.0,77845.95878911,2601.10807912
BTC_JPY,2020-06-07T00:46:30.287,26651779,1059554.0,1060100.0,0.0055,0.06,1997.38997395,1371.76359038,1059699.0,77838.96936488,2600.97807912
BTC_JPY,2020-06-07T00:46:34.583,26651845,1059564.0,1060100.0,0.1,0.06,1995.7088521,1371.76359038,1059699.0,77838.17205329,2600.97807912
BTC_JPY,2020-06-07T00:46:40.19,26651935,1059585.0,1060100.0,0.4234,0.06,1997.4911021,1371.55359025,1059699.0,77838.36785948,2600.97807912
BTC_JPY,2020-06-07T00:46:44.097,26651992,1059586.0,1060100.0,0.1,0.06,1998.0535121,1371.85359038,1059699.0,77833.60065969,2600.97807912
BTC_JPY,2020-06-07T00:46:50.05,26652065,1059563.0,1060100.0,0.054110000000000005,0.06,1997.1248121,1371.86479038,1059699.0,77831.43154868,2600.96807912
BTC_JPY,2020-06-07T00:46:53.753,26652124,1059557.0,1060100.0,0.23000198,0.06,1997.01997408,1371.53479038,1059699.0,77828.68350963,2600.96807912
BTC_JPY,2020-06-07T00:46:59.32,26652235,1059563.0,1060099.0,0.5176,0.062,1997.29330197,1371.91679038,1059563.0,77827.51187915,2601.07367912
BTC_JPY,2020-06-07T00:47:05.02,26652359,1059558.0,1060100.0,0.4276,0.06,1997.5649921,1371.21903847,1059563.0,77825.412729,2601.02367912
BTC_JPY,2020-06-07T00:47:09.027,26652479,1059611.0,1060460.0,0.5223,0.8,1999.95265258,1368.83409079,1060204.0,77837.22253452,2601.24027714
BTC_JPY,2020-06-07T00:47:14.193,26652640,1059894.0,1060460.0,0.15,0.8,2000.48761381,1370.29025216,1060204.0,77841.18613363,2601.24027714
BTC_JPY,2020-06-07T00:47:19.57,26652761,1059953.0,1060460.0,0.2,0.49999987,2000.09301368,1369.04012392,1060460.0,77844.12442539999,2598.39355815
BTC_JPY,2020-06-07T00:50:04.203,26655482,1059856.0,1060292.0,0.001,0.15,1997.29498986,1372.8805847,1060000.0,77604.42365025,2585.61822869
BTC_JPY,2020-06-07T00:50:08.87,26655557,1059856.0,1060292.0,0.001,0.15,1997.45138986,1373.18058483,1060000.0,77605.22056331,2585.61822869
BTC_JPY,2020-06-07T00:50:13.567,26655610,1060001.0,1060331.0,0.1,0.3374,1997.79589986,1373.33058483,1060000.0,77603.79596037,2585.59822869
BTC_JPY,2020-06-07T00:50:18.703,26655656,1060001.0,1060333.0,0.1,0.15,1997.74138986,1373.18068483,1060000.0,77598.03243311,2585.59822869
BTC_JPY,2020-06-07T00:50:23.883,26655683,1060001.0,1060333.0,0.1,0.15,1997.46138973,1373.26028483,1060000.0,77597.40836832,2585.58822869
BTC_JPY,2020-06-07T00:50:29.613,26655764,1060000.0,1060321.0,0.18,0.4836,1997.57482986,1373.40678483,1060000.0,77596.42446832,2585.77822869
BTC_JPY,2020-06-07T00:50:33.983,26655821,1060000.0,1060311.0,0.18,0.15,1997.59482986,1372.92318483,1060000.0,77593.32125909,2585.77822869
BTC_JPY,2020-06-07T00:50:39.943,26655877,1060000.0,1060305.0,0.18,0.15,1998.47882986,1372.99018483,1060307.0,77590.37794249,2585.77922869
BTC_JPY,2020-06-07T00:50:44.013,26655922,1059856.0,1060362.0,0.001,0.33399999999999996,1997.30882986,1373.02418483,1060000.0,77575.25968905,2584.90823568
BTC_JPY,2020-06-07T00:50:49.967,26656054,1060000.0,1060281.0,0.052000000000000005,0.3,1998.14008986,1373.35138483,1060000.0,77573.5391862,2584.70823568
BTC_JPY,2020-06-07T00:50:54.487,26656169,1059856.0,1060214.0,0.001,0.25,1998.11268986,1372.96528483,1060000.0,77571.61042959,2584.76023568
BTC_JPY,2020-06-07T00:50:59.04,26656261,1059856.0,1060197.0,0.001,0.4313,1997.78969973,1373.14658483,1060000.0,77570.42842623,2584.76023568
BTC_JPY,2020-06-07T00:51:04.66,26656374,1059856.0,1060214.0,0.001,0.32,1997.76198986,1372.71728483,1060000.0,77568.49795442,2584.71023568
BTC_JPY,2020-06-07T00:51:09.117,26656493,1060000.0,1060460.0,0.001,0.4258,1999.45790986,1372.24578483,1060000.0,77568.49821284,2584.71023568
BTC_JPY,2020-06-07T00:51:14.54,26656599,1060010.0,1060460.0,0.4185,0.4258,1999.61038986,1372.04458483,1060000.0,77569.53707437,2584.55023568
BTC_JPY,2020-06-07T00:51:18.853,26656690,1060042.0,1060460.0,0.057329999999999985,0.4258,1999.61321973,1372.50908483,1060000.0,77570.81508304,2584.55023568
BTC_JPY,2020-06-07T00:51:24.483,26656854,1060086.0,1060705.0,0.5186,0.32,2000.55816852,1370.57594299,1060594.0,77574.2190762,2585.03803568
BTC_JPY,2020-06-07T00:51:29.82,26656962,1060143.0,1060914.0,0.4186,0.002,2000.41226852,1370.65647459,1060594.0,77573.94955592,2585.03803568
BTC_JPY,2020-06-07T00:51:34.563,26657067,1060190.0,1060910.0,0.4186,0.15,2000.60826851,1371.23017459,1060594.0,77582.87561374,2585.03803568
BTC_JPY,2020-06-07T00:51:39.39,26657160,1060234.0,1060911.0,0.1,0.15,2001.19381851,1371.04727459,1060594.0,77584.66749628,2585.03803568
BTC_JPY,2020-06-07T00:51:44.54,26657249,1060235.0,1060594.0,0.4186,0.27899999999999997,2000.91226838,1370.17627459,1060594.0,77584.05299144,2584.99803568
BTC_JPY,2020-06-07T00:51:48.86,26657288,1060270.0,1060594.0,0.4186,0.27899999999999997,2001.46195851,1370.17627459,1060594.0,77585.65740554,2584.99803568
BTC_JPY,2020-06-07T00:51:54.167,26657376,1060123.0,1060594.0,0.4178,0.109,1999.30073851,1370.22847459,1060594.0,77582.51583544,2585.15191409
BTC_JPY,2020-06-07T00:51:59.3,26657476,1060162.0,1060594.0,0.4178,0.109,2001.85818851,1370.10197459,1060594.0,77577.9929864,2585.15191409
BTC_JPY,2020-06-07T00:52:04.687,26657560,1060015.0,1060594.0,0.4178,0.109,2001.33046852,1370.17637459,1060594.0,77575.74608352,2584.18898569
BTC_JPY,2020-06-07T00:52:09.69,26657605,1060029.0,1060594.0,0.2,0.109,2001.11266852,1371.37637459,1060594.0,77567.83315182,2583.86453969
BTC_JPY,2020-06-07T00:52:14.35,26657652,1060049.0,1060594.0,0.4178,0.109,1999.31946852,1371.37287459,1060594.0,77558.7061384,2583.67080351
BTC_JPY,2020-06-07T00:52:19.543,26657701,1060085.0,1060594.0,0.4178,0.10800000000000001,1999.11946852,1371.40187459,1060594.0,77554.35563373,2583.67180351
BTC_JPY,2020-06-07T00:55:04.187,26659601,1060106.0,1060591.0,0.02,0.4182,1998.82534353,1373.7615595999996,1060500.0,77479.54499032,2581.61547259
BTC_JPY,2020-06-07T00:55:09.513,26659680,1060118.0,1060592.0,0.4182,0.5,1999.26354353,1372.8393596,1060500.0,77480.43020857,2581.61547259
BTC_JPY,2020-06-07T00:55:14.103,26659734,1060112.0,1060591.0,0.4182,0.1,1999.30267353,1373.4523596,1060500.0,77481.20820857,2581.61547259
BTC_JPY,2020-06-07T00:55:18.027,26659755,1060112.0,1060591.0,0.4182,0.1,1999.15567353,1373.6023596,1060500.0,77481.24808229,2581.61547259
BTC_JPY,2020-06-07T00:55:21.91,26659767,1060112.0,1060591.0,0.4182,0.1,1999.12567353,1373.6023596,1060500.0,77479.11033555,2581.61547259
BTC_JPY,2020-06-07T00:55:29.083,26659784,1060111.0,1060555.0,0.05089,0.03,1999.21473353,1373.6323596,1060112.0,77478.28262941,2581.68847259
BTC_JPY,2020-06-07T00:55:34.623,26659832,1060107.0,1060555.0,0.4144,0.03,1996.88474353,1373.7067596,1060112.0,77472.42555776,2581.83847259
BTC_JPY,2020-06-07T00:55:39.967,26659875,1060112.0,1060555.0,0.4144,0.03,1999.40874353,1373.6959596,1060112.0,77418.74607236,2579.86547259
BTC_JPY,2020-06-07T00:55:44.233,26659927,1060113.0,1060555.0,0.4144,0.03,1998.47640811,1373.04865303,1060112.0,77413.85719194,2579.47802056
BTC_JPY,2020-06-07T00:55:49.987,26660000,1060122.0,1060555.0,0.3,0.03,1998.70888811,1373.56265303,1060112.0,77401.55117659,2579.45802056
BTC_JPY,2020-06-07T00:55:54.063,26660060,1060139.0,1060555.0,0.3,0.03,1998.12491811,1373.56265303,1060112.0,77384.8507155,2576.89043068
BTC_JPY,2020-06-07T00:55:59.93,26660158,1060164.0,1060555.0,0.4144,0.03,1998.98888811,1372.60565303,1060112.0,77376.63087247,2575.56043069
BTC_JPY,2020-06-07T00:56:03.963,26660223,1060180.0,1060555.0,0.4122,0.03,1998.86668798,1372.77175303,1060164.0,77368.66292595,2575.66043069
BTC_JPY,2020-06-07T00:56:09.17,26660309,1060193.0,1060555.0,0.4122,0.03,2000.04888811,1372.55985303,1060188.0,77366.31169552,2575.66043069
BTC_JPY,2020-06-07T00:56:15.19,26660405,1060215.0,1060555.0,0.02,0.03,2000.35743997,1372.77985303,1060188.0,77362.8404334,2575.57043069
BTC_JPY,2020-06-07T00:56:19.82,26660486,1060113.0,1060555.0,0.30000013,0.03,1999.77523997,1373.02945303,1060188.0,77358.22610915,2573.68163069
BTC_JPY,2020-06-07T00:56:24.12,26660527,1060222.0,1060555.0,0.05043,0.03,1999.96786984,1372.97205303,1060188.0,77357.58747426,2573.67783069
BTC_JPY,2020-06-07T00:56:29.453,26660604,1060142.0,1060555.0,0.30000013,0.03,2000.41743997,1372.97145303,1060142.0,77352.60538848,2573.57663069
BTC_JPY,2020-06-07T00:56:34.793,26660687,1060134.0,1060555.0,0.15,0.03,2000.36363997,1372.99215303,1060142.0,77347.75502282,2573.57663069
BTC_JPY,2020-06-07T00:56:39.987,26660760,1060157.0,1060555.0,0.15,0.03,1999.69543997,1372.85375303,1060148.0,77345.61424382,2573.59663069
BTC_JPY,2020-06-07T00:56:44.207,26660832,1060138.0,1060142.0,0.3,0.3,1998.85543997,1372.89185303,1060142.0,77342.35204382,2574.39523069
BTC_JPY,2020-06-07T00:56:49.193,26660931,1060150.0,1060555.0,0.15,0.03,1998.74611997,1372.99845303,1060142.0,77342.96860691,2574.69523069
BTC_JPY,2020-06-07T00:56:53.757,26660994,1060162.0,1060555.0,0.4819,0.03,2000.37801997,1373.31845303,1060142.0,77339.68839409,2574.69523069
BTC_JPY,2020-06-07T00:56:59.25,26661074,1060175.0,1060555.0,0.15,0.03,2000.42421997,1372.89934184,1060142.0,77336.76991073,2574.67523069
BTC_JPY,2020-06-07T00:57:04.507,26661143,1060179.0,1060555.0,0.30000013,0.03,2000.27303997,1372.89834184,1060142.0,77331.0974969,2573.65522869
BTC_JPY,2020-06-07T00:57:09.243,26661179,1060178.0,1060555.0,0.30000013,0.03,1999.30919997,1372.89734184,1060142.0,77328.31659539,2573.45522869
BTC_JPY,2020-06-07T00:57:14.467,26661217,1060152.0,1060555.0,0.4171,0.03,2000.00839997,1372.57634184,1060178.0,77327.83617192,2573.61522869
BTC_JPY,2020-06-07T00:57:18.65,26661262,1060152.0,1060555.0,0.4171,0.03,2000.06639997,1372.61234184,1060178.0,77318.17430548,2573.37200783
BTC_JPY,2020-06-07T01:00:04.263,26662998,1061204.0,1061499.0,0.001,0.03565,1995.17114362,1371.56257009,1061499.0,77215.48325680001,2560.28329167
BTC_JPY,2020-06-07T01:00:09.567,26663038,1061204.0,1061499.0,0.001,0.03565,1995.14815362,1371.26256996,1061499.0,77169.41830463,2556.16448155
BTC_JPY,2020-06-07T01:00:14.46,26663058,1061204.0,1061499.0,0.001,0.03565,1995.03044362,1371.56257009,1061499.0,77143.72368532,2555.85448242
BTC_JPY,2020-06-07T01:00:19.063,26663083,1061204.0,1061499.0,0.001,0.03565,1995.03044362,1372.26067009,1061499.0,77131.60165033,2555.83692042
BTC_JPY,2020-06-07T01:00:24.923,26663122,1061204.0,1061499.0,0.001,0.13565,1994.80387757,1374.56767009,1061499.0,77131.8941938,2555.42282042
BTC_JPY,2020-06-07T01:00:30.08,26663155,1061204.0,1061499.0,0.001,0.13565,1995.40002363,1374.56767009,1061499.0,77143.14343203,2555.42282042
BTC_JPY,2020-06-07T01:00:33.777,26663214,1061204.0,1061499.0,0.001,0.10565,1993.96852363,1374.55767009,1061499.0,77144.1187773,2555.45282042
BTC_JPY,2020-06-07T01:00:39.997,26663317,1061204.0,1061500.0,0.001,0.15,1994.14286363,1373.43241996,1061499.0,77100.90448874,2555.55282042
BTC_JPY,2020-06-07T01:00:43.803,26663384,1061204.0,1061630.0,0.001,0.003,1994.56832363,1373.43482009,1061516.0,77095.20214668,2555.70482042
BTC_JPY,2020-06-07T01:00:49.227,26663507,1060875.0,1061340.0,0.4229,0.001,1994.33877757,1372.7564739,1060839.0,77100.05367762,2555.67682042
BTC_JPY,2020-06-07T01:00:54.347,26663585,1061359.0,1061500.0,0.30000013,0.5,1994.32848528,1374.61506562,1061470.0,77105.09896842,2555.66512042
BTC_JPY,2020-06-07T01:00:59.19,26663632,1061358.0,1061500.0,0.42210772,0.4,1994.43418528,1373.85431959,1061500.0,77104.69999162,2555.76512042
BTC_JPY,2020-06-07T01:01:04.253,26663664,1061359.0,1061500.0,0.30000013,0.4,1994.08538528,1374.66131972,1061500.0,77100.37791762,2555.76512042
BTC_JPY,2020-06-07T01:01:08.38,26663685,1061386.0,1061500.0,0.02,0.4,1993.73308528,1375.27131972,1061500.0,77092.44057375,2555.76512042
BTC_JPY,2020-06-07T01:01:14.587,26663753,1061047.0,1061500.0,0.2,0.4,1993.81322756,1375.18867403,1061386.0,77094.31385772,2555.78512042
BTC_JPY,2020-06-07T01:01:19.35,26663880,1061081.0,1061358.0,0.3,0.5,1996.22946325,1376.66321972,1061386.0,77096.21535772,2555.73512042
BTC_JPY,2020-06-07T01:01:24.677,26663989,1061105.0,1061358.0,0.15,0.5,1995.29280312,1375.33321972,1061386.0,77090.25867445,2555.70932042
BTC_JPY,2020-06-07T01:01:28.947,26664040,1061121.0,1061358.0,0.3,0.49,1996.16972325,1375.64321972,1061358.0,77088.2174923,2555.71932042
BTC_JPY,2020-06-07T01:01:34.353,26664091,1061139.0,1061358.0,0.35,0.49,1995.57922325,1375.64321972,1061358.0,77088.64650448,2555.71932042
BTC_JPY,2020-06-07T01:01:39.583,26664142,1061054.0,1061358.0,0.4128,0.49,1995.54316312,1374.73957403,1061037.0,77093.66388394,2556.17930488
BTC_JPY,2020-06-07T01:01:44.283,26664232,1061088.0,1061358.0,0.05479,0.49,1996.43248546,1374.64539193,1061037.0,77083.83820709,2556.17930488
BTC_JPY,2020-06-07T01:01:48.627,26664292,1061103.0,1061358.0,0.3,0.49,1995.58769546,1375.64539193,1061037.0,77082.82920709,2556.17930488
BTC_JPY,2020-06-07T01:01:53.517,26664325,1061109.0,1061358.0,0.3,0.49,1995.31769547,1375.64539193,1061037.0,77081.74788737,2555.97930488
BTC_JPY,2020-06-07T01:01:59.567,26664407,1061123.0,1061358.0,0.15,0.49,1995.14769547,1375.39639193,1061037.0,77083.18970214,2555.97930488
BTC_JPY,2020-06-07T01:02:04.587,26664456,1061134.0,1061358.0,0.15,0.49,1995.63969547,1374.56489193,1061037.0,77086.12201519,2555.87930488
BTC_JPY,2020-06-07T01:02:09.99,26664511,1061055.0,1061357.0,0.30000013,0.3993,1994.25887757,1374.79009193,1061037.0,77077.33062394,2555.62150488
BTC_JPY,2020-06-07T01:02:14.033,26664564,1061056.0,1061358.0,0.5448179,0.49,1995.29759547,1374.39079193,1061037.0,77075.62767363,2555.62150488
BTC_JPY,2020-06-07T01:02:19.833,26664604,1061056.0,1061358.0,0.1948179,0.49,1995.40008547,1372.39979193,1061056.0,77070.35753456,2555.70150485
BTC_JPY,2020-06-07T01:05:03.753,26666049,1061056.0,1061340.0,0.45,1.6489,1996.9974784,1372.54328473,1061056.0,76984.58385201,2552.5965091
BTC_JPY,2020-06-07T01:05:09.853,26666069,1061057.0,1061340.0,0.30000013,1.6489,1995.7074784,1373.22328473,1061056.0,76987.89496627,2552.5765091
BTC_JPY,2020-06-07T01:05:14.18,26666085,1061057.0,1061340.0,0.30000013,1.6489,1997.0574784000007,1373.56328473,1061056.0,76983.84661709,2551.36661662
BTC_JPY,2020-06-07T01:05:18.883,26666112,1061057.0,1061340.0,0.30000013,1.6489,1996.8731184,1372.05028473,1061056.0,76981.41447541,2551.3566186000007
BTC_JPY,2020-06-07T01:05:24.13,26666133,1061056.0,1061340.0,0.45,1.6489,1997.1910784,1372.0702846,1061056.0,76980.76409468,2551.3566186000007
BTC_JPY,2020-06-07T01:05:28.437,26666174,1060888.0,1061056.0,0.4157,0.05,1997.2183284,1372.42028473,1061056.0,76988.69980923,2551.8066186
BTC_JPY,2020-06-07T01:05:34.137,26666283,1061071.0,1061340.0,0.15,1.59899501,1997.27016394,1372.01237974,1061340.0,76995.06669835,2549.05312359
BTC_JPY,2020-06-07T01:05:39.3,26666338,1061082.0,1061340.0,0.15,1.59899501,1996.94894394,1372.01237974,1061340.0,76996.93574579,2548.69652359
BTC_JPY,2020-06-07T01:05:44.607,26666371,1061091.0,1061340.0,0.15,1.59899501,1997.00647394,1372.01237974,1061340.0,76983.11766487,2546.56301509
BTC_JPY,2020-06-07T01:05:49.113,26666410,1061062.0,1061340.0,0.3,1.59899501,1997.03287394,1372.01227409,1061340.0,76978.8892639,2546.56301509
BTC_JPY,2020-06-07T01:05:53.033,26666420,1061062.0,1061340.0,0.3,1.59899501,1997.00558394,1372.01227409,1061340.0,76978.41167438,2546.56301509
BTC_JPY,2020-06-07T01:05:59.13,26666438,1061062.0,1061340.0,0.3,1.43899501,1996.67858394,1371.25827396,1061340.0,76973.25760544,2542.60301609
BTC_JPY,2020-06-07T01:06:03.023,26666453,1061062.0,1061340.0,0.3,1.43899501,1996.09858394,1371.87827409,1061340.0,76971.14129631,2542.59301609
BTC_JPY,2020-06-07T01:06:09.607,26666497,1061064.0,1061340.0,0.3,0.83899475,1997.11199394,1371.27827383,1061340.0,76971.32281975,2543.18201635
BTC_JPY,2020-06-07T01:06:14.79,26666567,1060918.0,1061340.0,0.39470518,0.83899475,1995.95486274,1371.97827383,1060930.0,76985.84282143,2543.38197635
BTC_JPY,2020-06-07T01:06:19.84,26666612,1060919.0,1061340.0,0.19435,0.83899475,1985.11190275,1369.80627383,1060930.0,76981.19051619999,2543.38197635
BTC_JPY,2020-06-07T01:06:23.17,26666640,1060964.0,1061339.0,0.39,0.3157,1981.54187275,1370.10197383,1060930.0,76987.33596502,2543.38197635
BTC_JPY,2020-06-07T01:06:29.047,26666653,1060964.0,1061339.0,0.39,0.3157,1981.56595275,1370.10197383,1060930.0,76989.09916713,2543.38197635
BTC_JPY,2020-06-07T01:06:34.287,26666682,1060919.0,1061339.0,0.09435,0.3157,1999.53945275,1370.32197383,1060964.0,76990.27010521,2543.58197635
BTC_JPY,2020-06-07T01:06:38.837,26666774,1060701.0,1061339.0,0.3,0.3157,1997.45558263,1370.29111371,1060964.0,76975.11619849,2543.57197735
BTC_JPY,2020-06-07T01:06:44.167,26666894,1060514.0,1060999.0,0.3,0.417,1998.50174263,1373.19251371,1060964.0,76956.70593736,2540.14897935
BTC_JPY,2020-06-07T01:06:49.233,26666980,1060535.0,1060999.0,0.15,0.417,1998.26705263,1373.09251371,1060964.0,76971.44718217,2540.13898035
BTC_JPY,2020-06-07T01:06:54.223,26667045,1060500.0,1060999.0,0.01,0.417,1999.51160263,1373.11251371,1060964.0,76961.1954494,2540.13898035
BTC_JPY,2020-06-07T01:06:59.897,26667165,1060529.0,1060999.0,0.25,0.1604,2000.15543263,1372.32691371,1060964.0,76970.56190595,2540.13898035
BTC_JPY,2020-06-07T01:07:04.167,26667221,1060536.0,1060796.0,0.3,0.02,1999.09653263,1372.85391371,1060964.0,76968.84658741,2539.93898035
BTC_JPY,2020-06-07T01:07:09.503,26667314,1060500.0,1060796.0,0.01,0.02,1996.52983263,1372.86391371,1060964.0,76969.78214331,2539.92498035
BTC_JPY,2020-06-07T01:07:15.02,26667381,1060500.0,1060796.0,0.01,0.02,1998.52748263,1372.51951358,1060964.0,76955.431449,2538.65498036
BTC_JPY,2020-06-07T01:07:18.68,26667444,1060500.0,1060796.0,0.01,0.02,1999.73422263,1372.95551371,1060964.0,76950.90530526,2538.57498136
BTC_JPY,2020-06-07T01:10:03.84,26670792,1058560.0,1059296.0,0.4323,0.0698,1996.76213082,1373.30943597,1059242.0,76976.92121474,2542.85952225
BTC_JPY,2020-06-07T01:10:09.127,26670848,1058563.0,1059466.0,0.4323,1.0,1997.08921082,1373.52963497,1059242.0,76974.01064465,2542.85952225
BTC_JPY,2020-06-07T01:10:14.52,26670987,1058560.0,1059401.0,0.4323,0.1091,1994.98921082,1373.33929337,1059242.0,76972.34847963,2542.85952225
BTC_JPY,2020-06-07T01:10:19.447,26671106,1058569.0,1059362.0,0.4323,0.1594,1997.21058083,1373.22409337,1059242.0,76973.54208417,2542.79862624
BTC_JPY,2020-06-07T01:10:25.097,26671224,1058563.0,1059327.0,0.4323,1.0,1996.29953452,1373.48851606,1059242.0,76974.26955946,2542.79862624
BTC_JPY,2020-06-07T01:10:29.12,26671284,1058583.0,1059322.0,0.058789999999999995,0.1,1998.48832452,1373.01451706,1059242.0,76975.04427897,2542.79862624
BTC_JPY,2020-06-07T01:10:34.093,26671356,1058567.0,1059303.0,0.4323,0.1,1998.41992562,1373.14071706,1059242.0,76975.50669943,2542.79862624
BTC_JPY,2020-06-07T01:10:39.277,26671421,1058612.0,1059303.0,0.15,0.1,1998.53192562,1373.21301706,1059242.0,76973.99885493,2542.76078174
BTC_JPY,2020-06-07T01:10:43.99,26671462,1058617.0,1059303.0,0.4323,0.1,1996.68192562,1373.04071706,1059242.0,76973.98669566,2542.76078174
BTC_JPY,2020-06-07T01:10:49.227,26671565,1058755.0,1059466.0,0.05375,0.089999,1999.20417562,1367.94442897,1059242.0,76978.03355008,2542.76078174
BTC_JPY,2020-06-07T01:10:53.913,26671677,1058774.0,1059623.0,0.4323,0.089999,1998.28042562,1371.40801606,1059242.0,76979.22103637,2542.76078174
BTC_JPY,2020-06-07T01:10:59.71,26671773,1058721.0,1059582.0,0.4323,0.4,1998.60434562,1371.56211706,1059242.0,76983.41210946,2542.75078174
BTC_JPY,2020-06-07T01:11:04.587,26671839,1058719.0,1059555.0,0.4323,0.1,1998.53884563,1371.56361706,1059242.0,76978.59832629,2542.73078374
BTC_JPY,2020-06-07T01:11:09.287,26671879,1058719.0,1059531.0,0.4323,0.1,1998.48595549,1370.90361706,1059242.0,76973.42615366,2542.43778474
BTC_JPY,2020-06-07T01:11:14.313,26671932,1058735.0,1059520.0,0.4323,0.1,1998.15209549,1371.01191693,1059242.0,76973.05367359,2542.43778474
BTC_JPY,2020-06-07T01:11:19.6,26671980,1058737.0,1059512.0,0.4323,1.0,1997.83549562,1370.70622613,1059242.0,76973.46008028,2542.43778474
BTC_JPY,2020-06-07T01:11:24.88,26672095,1058559.0,1059391.0,0.1,0.14400000000000002,1996.2506254999998,1371.75705555,1058738.0,76982.08008028,2542.58778474
BTC_JPY,2020-06-07T01:11:29.16,26672187,1058559.0,1059186.0,0.1,1.0,1996.9177554999999,1371.93535555,1058738.0,77000.93348107,2542.58778474
BTC_JPY,2020-06-07T01:11:34.323,26672274,1058559.0,1059173.0,0.1,0.1,1996.7783455,1371.75035555,1058738.0,76999.92776893,2542.58778474
BTC_JPY,2020-06-07T01:11:39.74,26672359,1058559.0,1059167.0,0.1,0.1,1997.45626549,1371.60035555,1058738.0,76999.09155955,2542.58778474
BTC_JPY,2020-06-07T01:11:43.93,26672444,1058559.0,1058734.0,0.09,0.019032,1993.69491854,1371.55657583,1058559.0,77010.40377907,2542.60778374
BTC_JPY,2020-06-07T01:11:50.11,26672519,1058500.0,1058734.0,0.14039110000000002,0.019032,1994.09713067,1370.7317679000002,1058559.0,77011.22561421,2542.40778374
BTC_JPY,2020-06-07T01:11:54.267,26672600,1058500.0,1058734.0,0.14039110000000002,0.019032,1993.41993067,1373.09226703,1058559.0,77015.93388131,2542.40778374
BTC_JPY,2020-06-07T01:11:59.63,26672671,1058500.0,1058734.0,0.14039110000000002,0.019032,1993.62773067,1372.81726803,1058559.0,77019.74201995,2542.40778374
BTC_JPY,2020-06-07T01:12:05.133,26672755,1058500.0,1058734.0,0.14039110000000002,0.019032,1993.93304067,1373.38726703,1058559.0,76987.56894737,2538.88278629
BTC_JPY,2020-06-07T01:12:09.107,26672819,1058500.0,1058734.0,0.14039110000000002,0.019032,1991.64039067,1369.02966703,1058559.0,76966.89762588,2535.90828374
BTC_JPY,2020-06-07T01:12:14.443,26672865,1058555.0,1058931.0,0.005,0.520899,1991.64539067,1369.31063503,1058559.0,76959.28599521,2535.90828374
BTC_JPY,2020-06-07T01:12:18.867,26672950,1058500.0,1058922.0,0.14039110000000002,0.15,1991.63039067,1368.78973603,1058555.0,76956.72956099,2535.91328374
BTC_JPY,2020-06-07T01:15:03.957,26674984,1058510.0,1059096.0,0.02,1.5187386,2006.0336824,1368.90592488,1058892.0,76910.50302106,2532.58809154
BTC_JPY,2020-06-07T01:15:09.987,26675139,1058510.0,1058849.0,0.02,0.32,2005.34489027,1368.51952501,1058892.0,76919.30557843,2532.58809154
BTC_JPY,2020-06-07T01:15:14.523,26675190,1058510.0,1058849.0,0.02,0.32,2005.26320795,1369.04412488,1058892.0,76909.27909043,2532.11809154
BTC_JPY,2020-06-07T01:15:19.337,26675270,1058510.0,1059053.0,0.02,0.15,2006.12471795,1369.36652488,1058892.0,76907.25948614,2531.71809154
BTC_JPY,2020-06-07T01:15:24,26675345,1058510.0,1058892.0,0.02,1.0,2006.15870795,1369.62453988,1058892.0,76906.78048614,2531.71809154
BTC_JPY,2020-06-07T01:15:29.043,26675393,1058510.0,1058892.0,0.02,1.0,2006.47870795,1369.94533988,1058892.0,76905.41427661,2531.71809154
BTC_JPY,2020-06-07T01:15:34.53,26675461,1058511.0,1059061.0,0.0985,0.2,2007.26440795,1369.72943988,1058892.0,76906.82707866,2533.33809154
BTC_JPY,2020-06-07T01:15:39.603,26675580,1058510.0,1059028.0,0.02,0.674099,2007.12518795,1369.87013888,1058892.0,76906.55587866,2533.33809154
BTC_JPY,2020-06-07T01:15:44.51,26675693,1058510.0,1059005.0,0.02,0.089999,2007.22320795,1368.88366198,1058892.0,76905.52187866,2533.33809154
BTC_JPY,2020-06-07T01:15:49.82,26675782,1058510.0,1058973.0,0.02,0.5714063,2007.16450795,1368.72870658,1058892.0,76902.16826796,2533.23609154
BTC_JPY,2020-06-07T01:15:54.387,26675865,1058510.0,1058948.0,0.02,0.089999,2007.31145795,1368.76353028,1058892.0,76904.25894925,2533.23609154
BTC_JPY,2020-06-07T01:15:59.623,26675911,1058517.0,1058932.0,0.1932,0.089999,2007.33128795,1369.42843028,1058892.0,76903.45833478,2533.22609154
BTC_JPY,2020-06-07T01:16:04.917,26675972,1058511.0,1058908.0,0.05184,0.2,2007.33164795,1369.14343028,1058892.0,76902.42133478,2533.22609154
BTC_JPY,2020-06-07T01:16:09.403,26676027,1058511.0,1058888.0,0.1968,1.0,2007.27270795,1367.64143128,1058892.0,76901.97655769,2533.22609154
BTC_JPY,2020-06-07T01:16:14.503,26676080,1058511.0,1058930.0,0.1965,1.0,2007.37240795,1367.64623128,1058892.0,76899.76572575,2533.22609154
BTC_JPY,2020-06-07T01:16:20.13,26676188,1058537.0,1059099.0,0.1959,1.5121173,2007.32440795,1368.72171858,1058892.0,76898.1052976,2533.21609155
BTC_JPY,2020-06-07T01:16:24.73,26676304,1058560.0,1059065.0,0.05237000000000002,0.4341,2007.09417795,1367.44060128,1058892.0,76895.56466777,2533.21609155
BTC_JPY,2020-06-07T01:16:30.017,26676397,1058516.0,1059036.0,0.05684,0.4341,2006.79274795,1369.63629638,1058892.0,76894.23294141,2533.21609155
BTC_JPY,2020-06-07T01:16:34.667,26676452,1058510.0,1059113.0,0.02,0.4341,2007.21000795,1369.43019938,1058892.0,76894.23806042,2533.21609155
BTC_JPY,2020-06-07T01:16:39.333,26676520,1058510.0,1059076.0,0.02,0.4341,2007.07487795,1369.45757046,1058892.0,76894.40287231,2533.21609155
BTC_JPY,2020-06-07T01:16:45.01,26676547,1058510.0,1059049.0,0.02,1.0,2007.08487795,1368.82347046,1058892.0,76894.50587231,2533.21609155
BTC_JPY,2020-06-07T01:16:49.78,26676569,1059000.0,1059047.0,1.869,1.0,2008.62387795,1368.80347059,1058892.0,76894.57232231,2533.21609155
BTC_JPY,2020-06-07T01:16:54.52,26676669,1058510.0,1058972.0,0.02,0.532299,2006.36480795,1369.71254139,1058985.0,76897.85286117,2535.24509155
BTC_JPY,2020-06-07T01:16:58.787,26676785,1058510.0,1058932.0,0.02,1.0,2006.90604795,1371.45264129,1058985.0,76898.59586117,2535.24509155
BTC_JPY,2020-06-07T01:17:04.04,26676844,1058510.0,1058893.0,0.02,0.4423,2006.91683795,1372.09494129,1058985.0,76897.43364285,2535.24509155
BTC_JPY,2020-06-07T01:17:09.423,26676899,1058510.0,1058880.0,0.02,1.0,2007.07010782,1370.63864116,1058985.0,76896.83866504,2535.04509155
BTC_JPY,2020-06-07T01:17:14.483,26676987,1058510.0,1059048.0,0.02,0.3,2007.12252027,1371.46036799,1058985.0,76896.8769527,2535.04509155
BTC_JPY,2020-06-07T01:17:19.123,26677052,1058510.0,1058955.0,0.02,0.4423,2007.69410321,1369.34598239,1058985.0,76896.59304183,2534.94509155
BTC_JPY,2020-06-07T01:20:04.867,26678997,1058893.0,1059328.0,0.06333109,1.0,2008.75429832,1372.14054357,1059242.0,76844.87566971,2526.46683669
BTC_JPY,2020-06-07T01:20:07.243,26679013,1058893.0,1059328.0,0.06333109,1.0,2011.00339832,1371.60194357,1059242.0,76829.49395038,2526.46683669
BTC_JPY,2020-06-07T01:20:13.66,26679051,1058893.0,1059310.0,0.06333109,0.4386,2011.00339832,1372.18604357,1059242.0,76821.12758598,2525.22683645
BTC_JPY,2020-06-07T01:20:19.62,26679073,1058893.0,1059300.0,0.06333109,1.0,2010.94884832,1371.74744357,1059242.0,76805.12185756,2524.96452671
BTC_JPY,2020-06-07T01:20:24.313,26679087,1058893.0,1059300.0,0.06333109,1.0,2011.29354832,1371.74744357,1059242.0,76803.19289073,2524.00553671
BTC_JPY,2020-06-07T01:20:29.37,26679115,1058893.0,1059300.0,0.06333109,1.0,2010.88539832,1371.94744357,1059242.0,76799.56071909,2524.00553671
BTC_JPY,2020-06-07T01:20:34.733,26679159,1058893.0,1059515.0,0.06333109,1.3,2010.89063832,1373.04494357,1059242.0,76799.30465736,2524.00553671
BTC_JPY,2020-06-07T01:20:40.033,26679203,1058893.0,1059343.0,0.06333109,0.089999,2010.80063832,1371.99644257,1059242.0,76798.39467149,2524.00553671
BTC_JPY,2020-06-07T01:20:43.727,26679221,1058893.0,1059335.0,0.06333109,1.0,2010.82063832,1372.37494344,1059242.0,76797.55457919999,2524.00553671
BTC_JPY,2020-06-07T01:20:49.953,26679271,1058893.0,1059326.0,0.02833109,1.0,2010.90924819,1371.79014357,1059242.0,76798.05795987,2523.76553671
BTC_JPY,2020-06-07T01:20:54.953,26679356,1058893.0,1059655.0,0.02833109,0.4386,2010.92984832,1373.33936817,1059242.0,76793.82253202,2522.79553671
BTC_JPY,2020-06-07T01:20:59.607,26679472,1058723.0,1059344.0,0.3774,0.089999,2011.42926723,1372.76906717,1058717.0,76784.9468562,2522.00553671
BTC_JPY,2020-06-07T01:21:04.497,26679561,1058745.0,1059341.0,0.05292,0.089999,2010.7344371,1373.12206717,1058717.0,76782.33579231,2521.80553671
BTC_JPY,2020-06-07T01:21:08.78,26679620,1058763.0,1059341.0,0.2143,0.089999,2011.36581723,1373.43206717,1058755.0,76783.87195173,2521.90553671
BTC_JPY,2020-06-07T01:21:14.12,26679718,1058789.0,1059342.0,0.25,1.0,2011.08251723,1375.11556817,1058755.0,76778.25410479,2521.70553671
BTC_JPY,2020-06-07T01:21:19.43,26679792,1059242.0,1059514.0,0.1,1.0,2010.8128570999997,1375.09156817,1058755.0,76770.36450306,2521.40553671
BTC_JPY,2020-06-07T01:21:22.263,26679803,1059242.0,1059514.0,0.1,1.0,2011.11285723,1374.89346817,1058755.0,76765.28328623,2521.30553671
BTC_JPY,2020-06-07T01:21:29.99,26679817,1058924.0,1059513.0,0.1,0.5883,2010.98151723,1375.48176817,1058755.0,76763.55566122,2521.30553671
BTC_JPY,2020-06-07T01:21:34.16,26679913,1058728.0,1059505.0,0.05,0.4383,2011.18701722,1375.33176817,1058755.0,76749.24753707,2521.28918571
BTC_JPY,2020-06-07T01:21:39.423,26680004,1058756.0,1059502.0,0.15,0.089999,2011.10701709,1375.01006717,1058756.0,76733.04401086,2519.87553671
BTC_JPY,2020-06-07T01:21:44.81,26680127,1058776.0,1059508.0,0.15,1.0,2011.37719876,1374.62024958,1058756.0,76715.33477317,2519.65953771
BTC_JPY,2020-06-07T01:21:49.137,26680205,1058793.0,1059500.0,0.0547,0.672599,2011.45189876,1375.59284871,1058756.0,76708.7267531,2519.55953771
BTC_JPY,2020-06-07T01:21:54.46,26680331,1058756.0,1059623.0,0.30000013,0.389999,2011.23119876,1374.79824511,1058756.0,76699.87729488,2518.55653771
BTC_JPY,2020-06-07T01:21:59.597,26680449,1058756.0,1059599.0,0.3,0.1,2011.66989876,1374.52454621,1058756.0,76691.13092844,2518.35653771
BTC_JPY,2020-06-07T01:22:04.19,26680566,1058770.0,1059588.0,0.051329999999999994,0.5326,2012.01322876,1374.80714621,1058756.0,76686.39209776,2518.35653771
BTC_JPY,2020-06-07T01:22:09.947,26680718,1058795.0,1059573.0,0.15,1.4287,2013.59119876,1374.72136521,1058756.0,76680.22874088,2518.33753771
BTC_JPY,2020-06-07T01:22:13.567,26680815,1058811.0,1059563.0,0.4326,0.668799,1996.20379876,1374.72146521,1058756.0,76675.42392466,2518.33753771
BTC_JPY,2020-06-07T01:22:19.187,26680965,1058831.0,1059549.0,0.3,0.518599,1996.31379876,1374.58566521,1058756.0,76654.81345541,2517.83753771
BTC_JPY,2020-06-07T01:25:05.197,26683716,1058517.0,1059298.0,0.4254,1.0,2011.97647934,1374.26263753,1059206.0,76255.63426198,2503.27257474
BTC_JPY,2020-06-07T01:25:09.57,26683788,1058538.0,1059298.0,0.4254,1.0,2012.90923934,1374.40093753,1059206.0,76252.86007895,2502.26257474
BTC_JPY,2020-06-07T01:25:15.133,26683887,1058530.0,1059285.0,0.1,1.0,2012.47847934,1374.10893753,1059206.0,76246.09015331,2502.27077474
BTC_JPY,2020-06-07T01:25:19.097,26683960,1058515.0,1059282.0,0.05292,1.0,2012.72139934,1374.58193753,1059206.0,76242.43342272,2501.87077574
BTC_JPY,2020-06-07T01:25:24.56,26684056,1058542.0,1059278.0,0.4254,1.0,2011.12847934,1374.57943753,1059206.0,76226.57791501,2501.67077574
BTC_JPY,2020-06-07T01:25:29.033,26684077,1058541.0,1059273.0,0.1,1.0,2012.96134934,1374.25943753,1059206.0,76219.97366784,2501.67077574
BTC_JPY,2020-06-07T01:25:33.737,26684146,1058541.0,1059264.0,0.1,1.0,2013.27134934,1374.57943753,1059206.0,76215.21809489999,2501.67077574
BTC_JPY,2020-06-07T01:25:38.897,26684245,1058542.0,1059199.0,0.4254,0.32,2013.27764934,1375.58543753,1059206.0,76213.25337415,2501.67077574
BTC_JPY,2020-06-07T01:25:44.207,26684325,1058545.0,1059198.0,0.4254,0.45000013,2013.17764934,1375.39063753,1059206.0,76208.87745268,2501.67077574
BTC_JPY,2020-06-07T01:25:48.713,26684400,1058546.0,1059197.0,0.4254,0.15,2013.23747934,1375.35963753,1059206.0,76208.82845268,2501.67077574
BTC_JPY,2020-06-07T01:25:54.68,26684506,1058550.0,1059196.0,0.1,0.15,2012.92007934,1375.40263753,1059206.0,76205.45509856,2501.67077574
BTC_JPY,2020-06-07T01:25:59.35,26684575,1058557.0,1059196.0,0.1,0.3,2012.99896934,1375.55263753,1059206.0,76204.76109856,2501.66077574
BTC_JPY,2020-06-07T01:26:04.863,26684688,1058571.0,1059250.0,0.1,1.0,2013.07007934,1375.25263753,1059194.0,76201.69281875,2501.85227574
BTC_JPY,2020-06-07T01:26:09.477,26684773,1058555.0,1059285.0,0.5742,0.2,2013.57102934,1375.62453753,1059194.0,76199.33630806,2501.85227574
BTC_JPY,2020-06-07T01:26:13.797,26684865,1058575.0,1059281.0,0.1,1.0,2013.15007934,1373.42453753,1059194.0,76197.22158685,2501.85227574
BTC_JPY,2020-06-07T01:26:19.873,26684974,1058602.0,1059281.0,0.15,1.0,2013.67812934,1375.42453753,1059194.0,76196.63686863,2501.85227574
BTC_JPY,2020-06-07T01:26:24.41,26685045,1058589.0,1059280.0,0.15,0.15,2013.72427934,1375.57453753,1059194.0,76193.11486863,2501.64227574
BTC_JPY,2020-06-07T01:26:29.363,26685141,1058601.0,1059278.0,0.1,1.0,2013.17033934,1375.42453753,1059194.0,76187.46513596,2501.64227574
BTC_JPY,2020-06-07T01:26:34.037,26685236,1058612.0,1059277.0,0.1,0.0555,2014.80853934,1375.59103753,1059194.0,76181.37903844,2501.64227574
BTC_JPY,2020-06-07T01:26:39.18,26685338,1058539.0,1059271.0,0.47,0.2,2014.23447934,1373.93553753,1059194.0,76183.53796552,2501.64227574
BTC_JPY,2020-06-07T01:26:44.597,26685440,1058549.0,1059268.0,0.4493,0.4242,2014.53377921,1375.83903753,1059194.0,76174.54703799,2501.63227574
BTC_JPY,2020-06-07T01:26:49.347,26685532,1058557.0,1059267.0,0.3491,0.4242,2015.05257934,1375.83903753,1059194.0,76173.41703799,2501.63227574
BTC_JPY,2020-06-07T01:26:54.687,26685631,1058542.0,1059254.0,0.4494,0.4242,2014.85287934,1375.83903753,1059194.0,76170.38009409,2501.63227574
BTC_JPY,2020-06-07T01:26:59.45,26685738,1058563.0,1059244.0,0.3493,0.4242,2014.70363515,1375.98889334,1059194.0,76168.19683799,2501.63227574
BTC_JPY,2020-06-07T01:27:04.71,26685870,1058580.0,1059228.0,0.3895,0.4229,2014.70102515,1375.98759334,1059230.0,76164.82034841,2501.83227574
BTC_JPY,2020-06-07T01:27:08.67,26685963,1058585.0,1059228.0,0.1,0.15,2014.73643515,1375.93189334,1059194.0,76164.92934841,2502.27627574
BTC_JPY,2020-06-07T01:27:14.327,26686080,1058540.0,1059226.0,0.2,0.4234,2014.60943515,1375.87369334,1059194.0,76156.45987549,2502.27627574
BTC_JPY,2020-06-07T01:27:19.617,26686207,1058560.0,1059220.0,0.05309,0.3,2014.56252515,1375.75029334,1059194.0,76153.24140395,2502.27627574
BTC_JPY,2020-06-07T01:30:04.207,26689026,1059171.0,1059538.0,0.009000000000000001,1.0,2015.32997631,1374.30608778,1059298.0,76093.18165471,2502.59689674
BTC_JPY,2020-06-07T01:30:08.523,26689060,1059171.0,1059538.0,0.009000000000000001,1.0,2015.74127631,1375.22759391,1059298.0,76088.72016316,2502.45874674
BTC_JPY,2020-06-07T01:30:13.84,26689147,1059355.0,1059810.0,0.43799999999999994,0.365,2018.96419631,1370.02799378,1059810.0,76094.31112005,2504.09481674
BTC_JPY,2020-06-07T01:30:19.2,26689310,1059962.0,1060610.0,0.1,0.396,2018.47722321,1368.41061972,1060359.0,76119.01045989,2504.25903584
BTC_JPY,2020-06-07T01:30:24.97,26689444,1060116.0,1060610.0,0.05915,0.396,2016.94837322,1370.06522676,1060359.0,76123.16360945,2502.48419103
BTC_JPY,2020-06-07T01:30:28.96,26689604,1060155.0,1060998.0,0.5938,0.002,2017.4651070999998,1346.59272676,1060610.0,76133.50012187,2502.77219103
BTC_JPY,2020-06-07T01:30:34.227,26689765,1060426.0,1060998.0,0.3,0.002,2016.3606071,1370.83385671,1060610.0,76135.09005094,2502.27219103
BTC_JPY,2020-06-07T01:30:39.437,26689897,1060748.0,1061160.0,0.15,1.55,2015.37296193,1367.62841153,1061000.0,76137.32107939,2505.75119203
BTC_JPY,2020-06-07T01:30:44.643,26690006,1060805.0,1061160.0,0.31,0.32997029,2017.58996179,1364.73945015,1061160.0,76144.83356069,2506.97122174
BTC_JPY,2020-06-07T01:30:49.923,26690124,1060697.0,1061358.0,0.0502,0.18999987,2016.05310238,1367.09435186,1061160.0,76153.22642663,2507.30119203
BTC_JPY,2020-06-07T01:30:54.617,26690232,1060902.0,1061358.0,0.1,0.18999987,2016.87978238,1355.84435199,1060891.0,76180.15472333,2507.31045203
BTC_JPY,2020-06-07T01:30:59.713,26690329,1060916.0,1061357.0,0.0835,0.1,2016.67035751,1354.61534725,1061102.0,76184.31285914,2507.41159903
BTC_JPY,2020-06-07T01:31:04.227,26690382,1061104.0,1061357.0,0.32,0.089999,2016.96643764,1355.92534625,1061357.0,76185.77181109,2507.40660003
BTC_JPY,2020-06-07T01:31:08.823,26690418,1061142.0,1061358.0,0.02,0.18999987,2017.84668911,1354.80807872,1061357.0,76194.04527873,2507.29659903
BTC_JPY,2020-06-07T01:31:13.723,26690454,1061142.0,1061300.0,0.02,0.5,2016.52010912,1356.10207772,1061357.0,76203.52944582,2507.30660003
BTC_JPY,2020-06-07T01:31:19.533,26690511,1061142.0,1061300.0,0.02,0.5,2016.80910912,1355.33807759,1061357.0,76203.84769776,2507.00660003
BTC_JPY,2020-06-07T01:31:24.26,26690563,1061142.0,1061300.0,0.02,0.5,2016.57500912,1354.65881472,1061357.0,76204.72299778,2507.00660003
BTC_JPY,2020-06-07T01:31:28.533,26690650,1061142.0,1061300.0,0.02,0.387999,2017.17381032,1356.94793492,1061300.0,76218.32450904,2507.11860103
BTC_JPY,2020-06-07T01:31:33.673,26690684,1061142.0,1061300.0,0.02,0.387999,2016.57562026,1357.55321486,1061300.0,76221.4603995,2507.11860103
BTC_JPY,2020-06-07T01:31:39.873,26690711,1061127.0,1061300.0,0.30000013,0.377998,2016.94781032,1371.64793392,1061300.0,76217.54711776,2507.12860203
BTC_JPY,2020-06-07T01:31:44.247,26690736,1061127.0,1061300.0,0.30000013,0.377998,2016.75566033,1373.22493392,1061300.0,76226.92521164,2507.12860203
BTC_JPY,2020-06-07T01:31:48.717,26690779,1061142.0,1061300.0,0.02,0.36799699999999996,2017.04255032,1374.58493292,1061300.0,76238.60754655,2507.13860303
BTC_JPY,2020-06-07T01:31:54.287,26690836,1061142.0,1061300.0,0.02,0.167997,2015.59220032,1372.69793292,1061300.0,76242.14056657,2506.84354334
BTC_JPY,2020-06-07T01:31:59.173,26690856,1061142.0,1061300.0,0.02,0.14799600000000002,2018.23020032,1371.34703179,1061300.0,76243.72380683,2506.86354434
BTC_JPY,2020-06-07T01:32:04.333,26690921,1061142.0,1061300.0,0.02,0.14799600000000002,2017.80421032,1371.84103192,1061300.0,76246.72103163,2506.86354434
BTC_JPY,2020-06-07T01:32:09.537,26690949,1061142.0,1061300.0,0.02,0.14799600000000002,2017.85471033,1373.16103192,1061300.0,76243.76498064,2503.86354434
BTC_JPY,2020-06-07T01:32:13.917,26690967,1061070.0,1061300.0,0.32,0.137995,2017.68771033,1372.85103079,1061300.0,76242.48957498,2503.76354534
BTC_JPY,2020-06-07T01:32:20.107,26690989,1061070.0,1061300.0,0.32,0.137995,2016.80785033,1373.01973092,1061300.0,76242.75049528,2501.58354534
BTC_JPY,2020-06-07T01:35:03.977,26693814,1060275.0,1060969.0,0.3,0.32,2016.42201199,1373.43706673,1060225.0,76287.05516199,2501.75219301
BTC_JPY,2020-06-07T01:35:09.257,26693942,1060328.0,1061033.0,0.3,0.0889,2017.32201199,1374.14644214,1060225.0,76287.70126531,2501.75219301
BTC_JPY,2020-06-07T01:35:14.177,26694024,1060353.0,1061033.0,0.1,0.0889,2016.83171199,1374.11994214,1060225.0,76287.58389455,2501.55219301
BTC_JPY,2020-06-07T01:35:19.76,26694143,1060377.0,1061124.0,0.5914,0.0881,2017.38993199,1374.09064214,1060225.0,76288.17914234,2501.55219301
BTC_JPY,2020-06-07T01:35:24.657,26694256,1060391.0,1061075.0,0.4414,0.1,2017.21993199,1374.26624214,1060225.0,76286.17074065,2501.55219301
BTC_JPY,2020-06-07T01:35:29.193,26694366,1060402.0,1061136.0,0.15,0.1,2016.78358199,1373.99904214,1060225.0,76285.70074065,2501.55219301
BTC_JPY,2020-06-07T01:35:34.607,26694490,1060414.0,1061087.0,0.3,0.1752,2017.39060199,1374.05624214,1060225.0,76285.82331506,2501.55219301
BTC_JPY,2020-06-07T01:35:39.13,26694587,1060202.0,1061061.0,0.4414,0.1,2018.50354199,1374.00964214,1060416.0,76281.38310937,2501.56219301
BTC_JPY,2020-06-07T01:35:43.813,26694707,1060256.0,1061137.0,0.4735,0.1,2018.85046199,1373.94254214,1060416.0,76273.9275959,2501.56219301
BTC_JPY,2020-06-07T01:35:49.707,26694855,1060292.0,1061132.0,0.3126,0.4414,2018.41752199,1374.62254214,1060416.0,76279.3364359,2501.56219301
BTC_JPY,2020-06-07T01:35:54.61,26694980,1060332.0,1061136.0,0.1,0.4414,2018.50304199,1374.43328214,1060416.0,76280.8304359,2501.56219301
BTC_JPY,2020-06-07T01:35:58.743,26695082,1060362.0,1061136.0,0.3761,0.4414,2016.68109199,1374.43768214,1060416.0,76280.71153159,2501.40219301
BTC_JPY,2020-06-07T01:36:03.947,26695199,1060385.0,1061125.0,0.3758,0.1,2019.05079199,1374.54768214,1060416.0,76283.84989211,2501.40219301
BTC_JPY,2020-06-07T01:36:09.727,26695301,1060407.0,1061136.0,0.15,0.4514,2018.76114199,1374.44768214,1060416.0,76287.95439877,2501.40219301
BTC_JPY,2020-06-07T01:36:14.047,26695364,1060230.0,1061134.0,0.01,0.4414,2018.39639199,1374.45348214,1060416.0,76288.11439877,2501.40219301
BTC_JPY,2020-06-07T01:36:19.417,26695456,1060422.0,1061136.0,0.1,0.4514,2018.79539199,1374.45348214,1060416.0,76285.87928385,2501.40219301
BTC_JPY,2020-06-07T01:36:24.31,26695527,1060432.0,1061136.0,0.15,0.4514,2018.79540199,1374.89348214,1060416.0,76280.52925115,2501.40219301
BTC_JPY,2020-06-07T01:36:29.33,26695591,1060437.0,1061136.0,0.14,0.4414,2018.69240199,1374.88348214,1060437.0,76280.56932162,2501.41219301
BTC_JPY,2020-06-07T01:36:34.727,26695694,1060352.0,1061135.0,0.1,0.4414,2018.84602199,1375.03108214,1060437.0,76280.94722162,2501.40219301
BTC_JPY,2020-06-07T01:36:39.4,26695794,1060439.0,1061136.0,0.1,0.4414,2020.00882199,1374.57258201,1060437.0,76281.54551012,2501.40219301
BTC_JPY,2020-06-07T01:36:45.12,26695892,1060450.0,1061134.0,0.15,0.4414,2019.46031199,1373.85080921,1060437.0,76280.8036897,2500.80219275
BTC_JPY,2020-06-07T01:36:50.057,26695975,1060429.0,1061131.0,0.3,0.1,2019.83031199,1374.30650921,1060437.0,76281.60708310001,2500.80219275
BTC_JPY,2020-06-07T01:36:54.117,26696048,1060434.0,1061136.0,0.4,0.4414,2019.95461199,1374.15610921,1060437.0,76280.71896907,2500.80219275
BTC_JPY,2020-06-07T01:36:59.64,26696131,1060427.0,1061132.0,0.1,0.4384,2019.30461199,1374.05840921,1060784.0,76276.06458365,2500.88119275
BTC_JPY,2020-06-07T01:37:04.543,26696206,1060311.0,1061136.0,0.32,0.4384,2018.14815199,1373.95516921,1060784.0,76265.23716354,2500.88119275
BTC_JPY,2020-06-07T01:37:09.093,26696294,1060358.0,1061137.0,0.1,0.1,2018.73663199,1372.92526908,1060784.0,76265.60820826,2500.88119275
BTC_JPY,2020-06-07T01:37:14.25,26696440,1060230.0,1060959.0,0.01,0.4384,2017.84430232,1375.62576099,1060784.0,76273.96167486,2500.88119275
BTC_JPY,2020-06-07T01:37:19.473,26696570,1060230.0,1060963.0,0.01,0.15,2018.24438232,1375.80446099,1060784.0,76265.45958207,2500.78119275
BTC_JPY,2020-06-07T01:40:04.683,26698197,1060374.0,1061000.0,0.73400013,0.170997,2016.78385409,1371.09542255,1061000.0,76192.65507142,2500.58564777
BTC_JPY,2020-06-07T01:40:09.417,26698337,1060409.0,1060989.0,0.15,0.1,2014.66122194,1371.89039053,1061000.0,76196.46523802,2500.58564777
BTC_JPY,2020-06-07T01:40:14.713,26698458,1060238.0,1060989.0,0.434,0.1,2016.88011194,1356.6783904000001,1061000.0,76195.55288498,2500.58564777
BTC_JPY,2020-06-07T01:40:19.66,26698580,1060252.0,1060977.0,0.684,0.1,2017.09607194,1356.86429052,1060988.0,76199.05927227,2500.59564777
BTC_JPY,2020-06-07T01:40:24.49,26698679,1060265.0,1060977.0,0.584,0.1,2016.93788194,1356.86429052,1060988.0,76199.64927227,2500.59564777
BTC_JPY,2020-06-07T01:40:29.37,26698800,1060282.0,1060964.0,0.684,0.3674,2016.94469194,1371.23519052,1060988.0,76203.37062214,2500.56814777
BTC_JPY,2020-06-07T01:40:34.483,26698935,1060296.0,1060940.0,0.584,0.3665,2015.86422194,1372.78429052,1060988.0,76206.71184903,2500.56814777
BTC_JPY,2020-06-07T01:40:39.627,26699071,1060311.0,1060949.0,0.434,0.3662,2015.56172194,1373.37889052,1060988.0,76209.18490187,2500.56814777
BTC_JPY,2020-06-07T01:40:44.517,26699188,1060323.0,1060951.0,0.434,0.516,2015.70292194,1373.05189039,1060988.0,76207.12383386,2500.36814777
BTC_JPY,2020-06-07T01:40:49.81,26699326,1060266.0,1060939.0,0.434,0.35700000000000004,2015.85492194,1373.89289052,1060985.0,76208.15461483,2500.37814777
BTC_JPY,2020-06-07T01:40:54.063,26699428,1060308.0,1060904.0,0.32,0.1,2015.88252194,1372.40395872,1060985.0,76212.69577135,2500.37814777
BTC_JPY,2020-06-07T01:40:59.2,26699565,1060366.0,1060985.0,0.534,0.089999,2016.48592752,1371.6005951,1060985.0,76224.64208822,2500.38814877
BTC_JPY,2020-06-07T01:41:04.37,26699706,1060425.0,1060985.0,0.584,0.089999,2017.50012752,1370.6265951,1060985.0,76227.94827166,2500.38814877
BTC_JPY,2020-06-07T01:41:10.043,26699835,1060718.0,1060985.0,0.15,1.079998,2014.77612752,1372.1375941,1060985.0,76232.50446932,2500.39814977
BTC_JPY,2020-06-07T01:41:14.11,26699856,1060826.0,1060985.0,0.02,1.079998,2016.85777752,1372.0305941,1060985.0,76232.52778283,2500.39814977
BTC_JPY,2020-06-07T01:41:19.16,26699938,1060483.0,1060984.0,0.15,0.2936,2017.96118657,1370.56325329,1060826.0,76233.15332455,2500.41814977
BTC_JPY,2020-06-07T01:41:25.003,26700049,1060525.0,1060984.0,0.25,0.2502,2005.0827567000001,1371.02385229,1060985.0,76243.78134289,2500.41815077
BTC_JPY,2020-06-07T01:41:29.853,26700124,1060466.0,1060984.0,0.11,0.0725,2006.9341467,1370.84615229,1060984.0,76245.21632171,2500.58487077
BTC_JPY,2020-06-07T01:41:34.403,26700222,1060508.0,1060985.0,0.4337,0.069997,2006.7524267000001,1369.65365229,1060984.0,76243.67792925,2500.38487077
BTC_JPY,2020-06-07T01:41:39.847,26700324,1060559.0,1060985.0,0.5837,0.059996,2018.2166967,1369.64365129,1060985.0,76216.76227418,2499.04941787
BTC_JPY,2020-06-07T01:41:45.097,26700407,1060609.0,1060985.0,0.15,0.059996,2019.0365767,1369.64365129,1060985.0,76198.26998738,2498.48429203
BTC_JPY,2020-06-07T01:41:48.723,26700448,1060632.0,1060985.0,0.11,1.059996,2017.6743367,1369.64365129,1060985.0,76192.76515322,2498.48429203
BTC_JPY,2020-06-07T01:41:54.607,26700548,1060549.0,1060985.0,0.11,2.049995,2018.7507366999998,1370.35865029,1060985.0,76189.99330918,2498.49429303
BTC_JPY,2020-06-07T01:41:59.283,26700604,1060501.0,1060974.0,0.2,0.1,2017.47829027,1371.30705029,1060985.0,76190.10452159,2498.52969303
BTC_JPY,2020-06-07T01:42:04.13,26700738,1060230.0,1060912.0,0.01,0.32,2015.71417739,1374.07799111,1060500.0,76196.23949326,2499.02969303
BTC_JPY,2020-06-07T01:42:09.397,26700840,1060230.0,1060859.0,0.01,0.15,2016.62701752,1373.90119111,1060500.0,76198.15162944,2499.01969303
BTC_JPY,2020-06-07T01:42:14.26,26700905,1060230.0,1060808.0,0.01,0.4125,2016.62801752,1374.09549111,1060500.0,76192.78130434,2498.81969303
BTC_JPY,2020-06-07T01:42:19.263,26701001,1060230.0,1060788.0,0.01,0.1,2016.28057752,1373.77549111,1060500.0,76177.01916064,2498.81969303
BTC_JPY,2020-06-07T01:45:04.963,26703683,1060230.0,1060746.0,0.01,0.1,2017.18297739,1372.85174598,1060851.0,76104.51914469,2496.44439403
BTC_JPY,2020-06-07T01:45:08.807,26703708,1060230.0,1060757.0,0.01,0.15,2016.67066739,1372.31484598,1060756.0,76095.91895537,2496.64439403
BTC_JPY,2020-06-07T01:45:14.627,26703836,1060230.0,1060721.0,1e-06,0.1,2016.35900839,1372.88584598,1060230.0,76090.60276533,2496.65439303
BTC_JPY,2020-06-07T01:45:19.593,26703917,1060230.0,1060685.0,1e-06,0.1,2016.03537839,1373.18584598,1060230.0,76089.47643562,2496.45439303
BTC_JPY,2020-06-07T01:45:24.447,26703958,1060230.0,1060736.0,1e-06,0.15,2016.46136839,1372.78884598,1060230.0,76089.71443562,2496.45439303
BTC_JPY,2020-06-07T01:45:29.567,26704022,1060230.0,1060697.0,1e-06,0.4239,2016.44806839,1362.82224585,1060230.0,76077.04903957,2495.29446025
BTC_JPY,2020-06-07T01:45:33.693,26704079,1060230.0,1060682.0,1e-06,0.4239,2016.32896839,1363.22224598,1060230.0,76071.53516615,2490.66046025
BTC_JPY,2020-06-07T01:45:39.48,26704204,1060230.0,1060657.0,1e-06,0.15,2016.32418839,1363.11224585,1060230.0,76071.25321314,2490.66046025
BTC_JPY,2020-06-07T01:45:44.487,26704309,1060230.0,1060630.0,1e-06,0.4239,2015.28330127,1376.13594598,1060230.0,76065.31304126,2490.66046025
BTC_JPY,2020-06-07T01:45:48.973,26704379,1060230.0,1060600.0,1e-06,0.4239,2015.07841956,1375.46617728,1060230.0,76057.36595853,2490.66046025
BTC_JPY,2020-06-07T01:45:54.087,26704440,1060230.0,1060587.0,1e-06,0.4239,2014.74825969,1376.02117728,1060230.0,76053.80024178,2490.66046025
BTC_JPY,2020-06-07T01:45:58.797,26704484,1060230.0,1060585.0,1e-06,0.15,2014.52467969,1375.60117728,1060230.0,76051.13702852,2490.66046025
BTC_JPY,2020-06-07T01:46:04.86,26704517,1060230.0,1060580.0,1e-06,0.4239,2014.14477956,1375.77117715,1060230.0,76049.80031831,2490.46046025
BTC_JPY,2020-06-07T01:46:09.703,26704586,1060230.0,1060569.0,0.009001,0.3,2013.12474969,1375.32727728,1060230.0,76050.83645650001,2490.46046025
BTC_JPY,2020-06-07T01:46:13.773,26704642,1060230.0,1060560.0,0.009001,0.15,2013.15474969,1375.60117728,1060230.0,76048.95457275,2490.46046025
BTC_JPY,2020-06-07T01:46:19.23,26704754,1060200.0,1060546.0,0.014001,0.1,2012.52718956,1375.88207728,1060200.0,76049.99588208,2491.15546025
BTC_JPY,2020-06-07T01:46:24.76,26704861,1059851.0,1060230.0,0.001,0.02,2014.77372869,1375.37727728,1060200.0,76048.86424706,2491.16946125
BTC_JPY,2020-06-07T01:46:29.623,26704948,1059851.0,1060230.0,0.001,0.02,2013.74494869,1375.90807728,1060200.0,76049.97749584,2491.16946125
BTC_JPY,2020-06-07T01:46:34.08,26705022,1059851.0,1060230.0,0.001,0.02,2013.92794869,1375.83207728,1060200.0,76049.91869584,2491.16946125
BTC_JPY,2020-06-07T01:46:39.24,26705135,1059851.0,1060230.0,0.001,0.02,2013.87192869,1376.03207715,1060200.0,76039.53971344,2491.15446125
BTC_JPY,2020-06-07T01:46:44.427,26705219,1059851.0,1060230.0,0.001,0.02,2013.52110027,1376.33207728,1060200.0,76036.67079058,2491.15446125
BTC_JPY,2020-06-07T01:46:49.857,26705275,1059851.0,1060000.0,0.001,1.579299,2015.31992986,1377.61158746,1060000.0,76036.64784057,2491.16446225
BTC_JPY,2020-06-07T01:46:53.683,26705299,1059851.0,1060000.0,0.001,1.579299,2015.24233986,1377.61158746,1060000.0,76035.10072027,2491.16446225
BTC_JPY,2020-06-07T01:46:57.397,26705316,1059851.0,1060000.0,0.001,1.579299,2015.31248986,1377.60158746,1060000.0,76039.99241145,2491.16446225
BTC_JPY,2020-06-07T01:47:04.827,26705415,1059500.0,1059996.0,0.01,0.4248,2013.18942985,1378.01201757,1059851.0,76068.62590239,2491.17546225
BTC_JPY,2020-06-07T01:47:09.347,26705470,1059373.0,1059500.0,0.3,0.888,2009.83016998,1378.49521757,1059500.0,76075.58226889999,2491.28746225
BTC_JPY,2020-06-07T01:47:14.187,26705514,1059373.0,1059500.0,0.3,0.888,2009.97436997,1378.64621757,1059500.0,76072.33359334,2491.28746225
BTC_JPY,2020-06-07T01:47:18.18,26705537,1059373.0,1059500.0,0.3,0.888,2009.98436997,1378.64621757,1059500.0,76071.56509811,2491.28746225
BTC_JPY,2020-06-07T01:50:04.09,26708050,1060560.0,1060830.0,0.15,0.01,2016.14966807,1370.34893566,1060506.0,76096.97681391,2470.04271363
BTC_JPY,2020-06-07T01:50:09.28,26708100,1060572.0,1060830.0,0.15,0.01,2016.57226807,1370.02893566,1060506.0,76097.71497333,2470.04271363
BTC_JPY,2020-06-07T01:50:14.647,26708157,1060584.0,1060830.0,0.15,0.01,2016.99226807,1370.24893566,1060506.0,76097.97936789,2469.89271363
BTC_JPY,2020-06-07T01:50:18.91,26708234,1060367.0,1060830.0,0.31,0.01,2016.07409585,1370.67337344,1060506.0,76105.50692172,2470.60271376
BTC_JPY,2020-06-07T01:50:24.19,26708356,1060271.0,1060783.0,0.39501558,0.1,2014.95961585,1371.22067344,1060506.0,76110.76042346,2470.60271376
BTC_JPY,2020-06-07T01:50:29.407,26708487,1060131.0,1060830.0,0.5782,0.01,2015.98674584,1369.24385773,1060271.0,76129.08743904,2470.99772934
BTC_JPY,2020-06-07T01:50:34.53,26708581,1060536.0,1060830.0,0.3,0.01,2017.0979334000006,1370.297961,1060271.0,76142.66660195,2470.99772934
BTC_JPY,2020-06-07T01:50:39.097,26708658,1060549.0,1060830.0,0.3,0.01,2016.6379334000005,1371.3436013,1060271.0,76147.17772948,2470.99772934
BTC_JPY,2020-06-07T01:50:44.2,26708676,1060549.0,1060830.0,0.3,0.01,2018.1669334000005,1370.3736013,1060271.0,76153.68850779,2470.89572934
BTC_JPY,2020-06-07T01:50:49.047,26708708,1060549.0,1060830.0,0.3,0.01,2018.5671334000006,1371.3336013,1060271.0,76152.88517707,2470.89572934
BTC_JPY,2020-06-07T01:50:55.163,26708736,1060553.0,1060830.0,0.3,0.01,2018.5671334000006,1371.3336013,1060271.0,76151.9888706,2470.89572934
BTC_JPY,2020-06-07T01:50:58.667,26708791,1060565.0,1060999.0,0.4282,0.07,2018.30713328,1370.88849816,1060999.0,76149.44101657,2469.93572934
BTC_JPY,2020-06-07T01:51:04.523,26708944,1060623.0,1061100.0,0.5446,0.02,2019.24265848,1366.5978053,1061000.0,76146.9590978,2473.33414779
BTC_JPY,2020-06-07T01:51:09.117,26709060,1060675.0,1061100.0,0.6946,0.01813994,2018.43541653,1367.54594524,1061100.0,76136.69778228,2473.31413099
BTC_JPY,2020-06-07T01:51:14.843,26709208,1060741.0,1061100.0,0.11,0.00813994,2017.78981653,1365.60194524,1061100.0,76133.28092546,2472.96613099
BTC_JPY,2020-06-07T01:51:19.207,26709302,1060768.0,1061100.0,0.15,0.00813994,2018.24031653,1364.35194511,1061100.0,76136.92710941,2472.96613099
BTC_JPY,2020-06-07T01:51:24.427,26709362,1060783.0,1061100.0,0.1,0.00813994,2018.3570164,1365.58194524,1061100.0,76137.85070283,2472.96613099
BTC_JPY,2020-06-07T01:51:29.287,26709444,1060791.0,1061286.0,0.15,0.1,2016.54241653,1365.17194524,1061499.0,76144.06866925,2474.47613099
BTC_JPY,2020-06-07T01:51:33.837,26709523,1060681.0,1061100.0,0.15,0.005,2016.61337207,1365.74694524,1061499.0,76136.26290285,2473.47613099
BTC_JPY,2020-06-07T01:51:38.97,26709578,1060688.0,1061100.0,0.31,0.005,2018.15143813,1365.64648816,1061499.0,76138.24206537,2473.47613099
BTC_JPY,2020-06-07T01:51:44.547,26709657,1060624.0,1061089.0,0.32,0.1,2016.28144813,1365.74648816,1061499.0,76133.83120397,2473.47613099
BTC_JPY,2020-06-07T01:51:49.157,26709697,1060498.0,1061089.0,0.447,0.1,2017.78452813,1367.01648815,1061499.0,76136.2203371,2473.47613099
BTC_JPY,2020-06-07T01:51:54.663,26709728,1060498.0,1061089.0,0.447,0.1,2016.79324813,1366.88648815,1061499.0,76127.00887893,2473.47613099
BTC_JPY,2020-06-07T01:51:59.557,26709757,1060498.0,1061089.0,0.447,0.1,2016.79730813,1367.98648815,1061499.0,76127.5313109,2473.44613099
BTC_JPY,2020-06-07T01:52:04.18,26709798,1060498.0,1061089.0,0.447,0.1,2017.77407813,1366.98648815,1061499.0,76127.08503478,2473.44613099
BTC_JPY,2020-06-07T01:52:09.403,26709826,1060498.0,1061089.0,0.447,0.1,2017.43549813,1366.66648815,1061499.0,76116.65042395,2473.43613099
BTC_JPY,2020-06-07T01:52:14.297,26709850,1060503.0,1061087.0,0.05935,0.1,2016.74999813,1366.98648815,1061499.0,76115.06476621,2473.43613099
BTC_JPY,2020-06-07T01:52:19.723,26709908,1060499.0,1061064.0,0.05081,0.1,2016.6834579999997,1367.58648815,1061499.0,76112.63334048,2473.41937799
BTC_JPY,2020-06-07T01:55:03.347,26711118,1061101.0,1061400.0,0.15,0.5,2018.18161653,1367.00270656,1061087.0,76103.56338897,2473.34092699
BTC_JPY,2020-06-07T01:55:09.053,26711144,1061100.0,1061400.0,0.08238,0.5,2017.7316164,1366.99970656,1061087.0,76102.94316868,2473.33092699
BTC_JPY,2020-06-07T01:55:14.35,26711190,1061100.0,1061400.0,0.08238,0.5,2015.95261653,1366.96170656,1061087.0,76102.33998968,2473.33092699
BTC_JPY,2020-06-07T01:55:17.107,26711205,1061100.0,1061400.0,0.08238,0.5,2017.95261653,1366.96170656,1061087.0,76103.09376241,2473.33092699
BTC_JPY,2020-06-07T01:55:23.63,26711218,1061100.0,1061400.0,0.08238,0.5,2017.95261653,1366.95970656,1061087.0,76104.39184212,2473.33092699
BTC_JPY,2020-06-07T01:55:27.157,26711223,1061100.0,1061400.0,0.08238,0.5,2017.97261653,1366.95970656,1061087.0,76094.58663376,2473.33092699
BTC_JPY,2020-06-07T01:55:34.21,26711256,1061076.0,1061087.0,0.15,0.35469444,2016.5383364,1367.294401,1061087.0,76080.34515257,2473.97623255
BTC_JPY,2020-06-07T01:55:39.793,26711285,1061075.0,1061087.0,0.008,0.05469431,2017.69829653,1365.99440087,1061087.0,76069.83550477,2474.27623268
BTC_JPY,2020-06-07T01:55:44.5,26711314,1061075.0,1061087.0,0.008,0.05469431,2017.36829653,1365.67440087,1061087.0,76069.61269925,2474.27623268
BTC_JPY,2020-06-07T01:55:49.44,26711339,1061075.0,1061087.0,0.008,0.05469431,2016.9252964,1365.99440087,1061087.0,76069.46361954,2474.27623268
BTC_JPY,2020-06-07T01:55:54.477,26711379,1061075.0,1061087.0,0.008,0.05469431,2017.75356653,1365.01640087,1061087.0,76069.31561954,2474.27623268
BTC_JPY,2020-06-07T01:55:57.273,26711397,1061075.0,1061087.0,0.008,0.05469431,2017.75356653,1365.01640087,1061087.0,76065.25345834,2474.27623268
BTC_JPY,2020-06-07T01:56:04.243,26711459,1060790.0,1061086.0,0.32,0.4376,2014.26408692,1364.75550087,1060555.0,76075.93784364,2474.28881088
BTC_JPY,2020-06-07T01:56:09.933,26711587,1060500.0,1061080.0,0.01,0.4334,2015.90508207,1366.06135407,1060667.0,76084.23955697,2474.51451573
BTC_JPY,2020-06-07T01:56:14.61,26711706,1060363.0,1060500.0,0.05406614,0.04243,2013.10571707,1365.88210526,1060363.0,76088.27738824,2474.78044959
BTC_JPY,2020-06-07T01:56:20.237,26711819,1060283.0,1060500.0,0.15,0.04243,2014.51715093,1368.1213054000002,1060359.0,76084.79940365,2474.73451573
BTC_JPY,2020-06-07T01:56:24.22,26711925,1059639.0,1060494.0,0.15,0.1,2011.64568111,1368.92283544,1060153.0,76095.19190211,2475.19451374
BTC_JPY,2020-06-07T01:56:28.957,26712054,1059804.0,1060483.0,0.4237,0.3403,2012.33588111,1367.26943545,1060153.0,76100.0925905,2474.77451374
BTC_JPY,2020-06-07T01:56:34.867,26712226,1059863.0,1060484.0,0.3,0.07570485,2012.36022918,1369.03198836,1060153.0,76115.18051462,2474.76991374
BTC_JPY,2020-06-07T01:56:39.687,26712350,1059894.0,1060484.0,0.4237,0.27420485,2012.29222918,1370.53788836,1060153.0,76113.60045131,2474.76991374
BTC_JPY,2020-06-07T01:56:44.623,26712448,1059894.0,1060488.0,0.4237,0.3,2012.24792918,1368.99368352,1060153.0,76115.96469677,2474.76991374
BTC_JPY,2020-06-07T01:56:49.637,26712545,1059772.0,1060487.0,0.3,0.1,2011.56599905,1369.08368352,1060153.0,76120.38620429,2474.76991374
BTC_JPY,2020-06-07T01:56:54.04,26712610,1059798.0,1060487.0,0.4237,0.1,2012.18392918,1369.39678352,1060153.0,76120.82131577,2474.76991374
BTC_JPY,2020-06-07T01:56:58.773,26712672,1059811.0,1060487.0,0.4237,0.1,2012.39239918,1369.39678352,1060153.0,76120.87472546,2474.76991374
BTC_JPY,2020-06-07T01:57:04.763,26712763,1059855.0,1060491.0,0.4237,0.07570485,2013.12242917,1369.06338837,1060153.0,76117.38497817,2474.76991374
BTC_JPY,2020-06-07T01:57:09.31,26712821,1060153.0,1060490.0,0.001,0.1,2012.88742917,1369.16338837,1060153.0,76117.61018022,2474.66991374
BTC_JPY,2020-06-07T01:57:14.67,26712882,1060153.0,1060490.0,2.0,0.1,2013.79403917,1368.94338837,1060153.0,76116.92927946,2474.67091374
BTC_JPY,2020-06-07T01:57:19.84,26712957,1059728.0,1060490.0,0.31,0.1,2013.30442916,1369.18738837,1060153.0,76117.58313807,2476.67091374
BTC_JPY,2020-06-07T02:00:04.353,26715664,1059590.0,1060398.0,0.31,0.1,2013.60393727,1368.86189148,1059595.0,76009.82434564,2472.95982761
BTC_JPY,2020-06-07T02:00:09.84,26715812,1059500.0,1060384.0,0.01,0.1,2012.05797727,1369.72039161,1059595.0,75983.45450006,2472.94482761
BTC_JPY,2020-06-07T02:00:14.007,26715956,1059500.0,1060188.0,0.01,0.32,2010.64263727,1370.7605916,1059595.0,75985.97744259,2472.94184761
BTC_JPY,2020-06-07T02:00:20.327,26716137,1059500.0,1060135.0,0.01,0.6794,2011.14226727,1370.22909161,1059595.0,75984.0627588,2472.94184761
BTC_JPY,2020-06-07T02:00:24.397,26716254,1059110.0,1059879.0,0.32,0.15,2010.14869207,1370.20009161,1059359.0,75985.76187660001,2473.05184761
BTC_JPY,2020-06-07T02:00:29.677,26716385,1058911.0,1059867.0,0.31,0.3,2013.49488535,1369.90047969,1059359.0,75987.59224360001,2473.05184761
BTC_JPY,2020-06-07T02:00:33.883,26716481,1058911.0,1059876.0,0.31,0.30000013,2014.41122535,1369.64737969,1059359.0,75990.49487117,2473.05184761
BTC_JPY,2020-06-07T02:00:39.343,26716596,1058911.0,1059816.0,0.31,0.7271,2013.10422535,1370.24357969,1059359.0,75984.53058756,2472.95184761
