product_code,timestamp,tick_id,best_bid,best_ask,best_bid_size,best_ask_size,total_bid_depth,total_ask_depth,ltp,volume,volume_by_product
BTC_JPY,2020-06-05T23:55:10.017,25162220,1056055.0,1056628.0,0.47462932,0.4475,2005.67403597,1420.11308411,1056629.0,120597.81097354,5758.67572766
BTC_JPY,2020-06-05T23:55:14.347,25162340,1056040.0,1056607.0,0.001,0.05014,2005.70416163,1421.21110062,1056629.0,120594.74090479,5758.63572766
BTC_JPY,2020-06-05T23:55:19.617,25162456,1056040.0,1056583.0,0.001,0.4475,2005.44238163,1420.31986062,1056629.0,120591.45639199,5758.63572766
BTC_JPY,2020-06-05T23:55:25.093,25162588,1056040.0,1056506.0,0.001,1.0,2007.61286163,1421.18724622,1056629.0,120590.18151374,5758.62572766
BTC_JPY,2020-06-05T23:55:29.447,25162685,1056040.0,1056487.0,0.001,0.15,2007.97406163,1421.01348622,1056497.0,120585.41695447,5757.62572766
BTC_JPY,2020-06-05T23:55:34.377,25162783,1056040.0,1056477.0,0.001,0.15,2007.91106163,1421.68856622,1056497.0,120579.96552007,5757.62572766
BTC_JPY,2020-06-05T23:55:39.113,25162854,1056040.0,1056484.0,0.025,0.15,2007.93126163,1421.44919622,1056476.0,120574.92617874,5757.80842766
BTC_JPY,2020-06-05T23:55:44.777,25162915,1056040.0,1056480.0,0.025,0.07847068,2007.82126163,1419.8888504000001,1056477.0,120571.74014553,5757.80042766
BTC_JPY,2020-06-05T23:55:49.417,25162963,1056040.0,1056480.0,0.025,0.15,2007.57576163,1421.61353972,1056477.0,120569.35602674,5757.76772766
BTC_JPY,2020-06-05T23:55:54.407,25163025,1056040.0,1056474.0,0.025,0.5155,2007.91236163,1421.68003972,1056477.0,120571.79686414,5757.76772766
BTC_JPY,2020-06-05T23:55:59.487,25163079,1056040.0,1056471.0,0.025,1.0,2008.00236163,1421.48283972,1056474.0,120554.40774286,5757.96772766
BTC_JPY,2020-06-05T23:56:04.743,25163162,1056040.0,1056471.0,0.024,1.0,2008.50186162,1421.44791544,1056474.0,120525.17632057,5755.14779069
BTC_JPY,2020-06-05T23:56:09.04,25163234,1056040.0,1056475.0,0.024,0.3,2009.43286162,1421.50874544,1056474.0,120512.33109934,5754.50772965
BTC_JPY,2020-06-05T23:56:14.157,25163309,1056040.0,1056475.0,0.024,0.3,2009.24286162,1420.32991531,1056474.0,120483.30200107,5747.24312659
BTC_JPY,2020-06-05T23:56:19.347,25163442,1056538.0,1056696.0,0.4399,0.001,2007.40274967,1417.63548046,1056682.0,120490.60887714,5747.34312659
BTC_JPY,2020-06-05T23:56:24.79,25163562,1056537.0,1056994.0,0.1,1.4680856000000002,2006.89164175,1417.36597356,1056541.0,120490.05014325,5747.54712659
BTC_JPY,2020-06-05T23:56:30.14,25163698,1056497.0,1056874.0,0.094,1.24761103,2010.26784465,1418.43507609,1056537.0,120491.04827332,5747.64712659
BTC_JPY,2020-06-05T23:56:34.553,25163837,1056497.0,1056859.0,0.094,0.15,2010.63759464,1417.4114105,1056537.0,120480.44903929,5747.54712659
BTC_JPY,2020-06-05T23:56:40.047,25163967,1056508.0,1056852.0,0.2,0.1899,2009.71319664,1418.03651716,1056537.0,120468.95847085,5747.57312659
BTC_JPY,2020-06-05T23:56:43.88,25164020,1056296.0,1056847.0,0.1,1.7346,2009.47369664,1420.08937347,1056497.0,120471.44609243,5747.67712659
BTC_JPY,2020-06-05T23:56:49.15,25164203,1056052.0,1056344.0,0.14,0.05,2009.07081116,1421.25797205,1056041.0,120470.01998138,5747.87022559
BTC_JPY,2020-06-05T23:56:54.52,25164372,1055762.0,1056329.0,0.0959984,0.6783,2008.16338115,1422.70070107,1055762.0,120482.15833647,5748.03822719
BTC_JPY,2020-06-05T23:56:59.03,25164486,1055722.0,1056283.0,0.1,1.0,2008.66738275,1421.80307607,1056328.0,120482.68191916,5748.06662719
BTC_JPY,2020-06-05T23:57:04.08,25164607,1055762.0,1056242.0,0.01,0.054689999999999996,2008.06089664,1421.75696607,1056247.0,120469.97163901,5748.02862819
BTC_JPY,2020-06-05T23:57:10.057,25164761,1055874.0,1056565.0,0.32,0.0663,2009.8994050000001,1420.98788983,1056400.0,120448.46435411,5749.4527881
BTC_JPY,2020-06-05T23:57:14.683,25164872,1056248.0,1056563.0,0.01,0.3,2009.56259663,1422.39024089,1056400.0,120439.87875082,5746.35778797
BTC_JPY,2020-06-05T23:57:19.713,25165012,1056248.0,1056531.0,0.01,1.0,2009.14596664,1422.64620886,1056400.0,120436.91681002,5745.2927861
BTC_JPY,2020-06-05T23:57:24.4,25165142,1055769.0,1056470.0,0.05368,1.0,2009.11488463,1422.85057708,1056248.0,120443.14703835,5745.1127861
BTC_JPY,2020-06-06T00:00:09.223,25168473,1054720.0,1054721.0,0.40286758,0.1,1994.13971716,1424.21155926,1054721.0,120436.52702217,5748.77024654
BTC_JPY,2020-06-06T00:00:14.437,25168590,1054293.0,1054332.0,0.009000000000000001,0.15,1988.4572776,1424.90110242,1054333.0,120452.80410362,5749.65261165
BTC_JPY,2020-06-06T00:00:19.85,25168698,1054000.0,1054001.0,0.8402898999999999,0.068,1991.3231676,1423.15237362,1054000.0,120453.14006371,5749.05232179
BTC_JPY,2020-06-06T00:00:24.893,25168923,1052740.0,1053356.0,2.22066763,0.15,1954.5505315,1422.46614123,1052740.0,120462.72814731,5755.05923762
BTC_JPY,2020-06-06T00:00:29.443,25169075,1052475.0,1052498.0,0.01,0.15,1965.77861337,1419.98187363,1052488.0,120465.13017612,5757.88090525
BTC_JPY,2020-06-06T00:00:34.187,25169296,1050380.0,1051209.0,0.175005,0.25,1929.895924,1393.11884177,1050380.0,120502.66987736,5767.54471462
BTC_JPY,2020-06-06T00:00:39.927,25169508,1050018.0,1050116.0,0.3177,0.31,1948.15697399,1410.12134277,1050018.0,120513.55990506,5780.77449614
BTC_JPY,2020-06-06T00:00:44.633,25169625,1050113.0,1050116.0,0.1373,0.12,1947.16303286,1408.09159757,1050116.0,120555.23118651,5784.49973727
BTC_JPY,2020-06-06T00:00:49.833,25169738,1050225.0,1051812.0,0.26999999,0.147,1948.51003285,1407.47077647,1051023.0,120586.51939236,5787.06973827
BTC_JPY,2020-06-06T00:00:54.037,25169859,1050353.0,1051288.0,0.153,1.0,1939.14511765,1406.67027747,1050409.0,120616.41282492,5789.21074136
BTC_JPY,2020-06-06T00:00:58.917,25169982,1051510.0,1053394.0,0.1,1.0,1944.08524602,1407.68366357,1052788.0,120669.05971521,5791.20714136
BTC_JPY,2020-06-06T00:01:04.907,25170155,1050502.0,1051288.0,0.15080207,0.25,1950.41924688,1409.50576357,1051289.0,120722.66202013,5795.17321206
BTC_JPY,2020-06-06T00:01:09.42,25170293,1051078.0,1051450.0,0.31,1.2,1954.67283648,1412.50380245,1051079.0,120755.98790177,5797.52509787
BTC_JPY,2020-06-06T00:01:13.87,25170395,1050936.0,1051997.0,0.153,0.1,1954.87585766,1411.55435144,1051846.0,120776.07419087,5799.39509787
BTC_JPY,2020-06-06T00:01:18.853,25170559,1051308.0,1052000.0,0.1404,0.02000007,1955.84812326,1411.28620284,1051308.0,120800.15027638,5801.602783199999
BTC_JPY,2020-06-06T00:01:24.61,25170678,1051427.0,1051653.0,0.29,0.1094,1958.24337139,1412.20903084,1051427.0,120832.20988744,5801.5733832
BTC_JPY,2020-06-06T00:01:29.863,25170853,1052389.0,1052920.0,0.1,2.2,1959.7809414,1407.60521385,1052722.0,120837.06942887,5805.48757328
BTC_JPY,2020-06-06T00:01:34.297,25170931,1052910.0,1052919.0,0.32,0.15,1960.79262766,1408.83190297,1052722.0,120863.50337741,5803.86537873
BTC_JPY,2020-06-06T00:01:38.973,25171088,1050797.0,1051272.0,0.141,0.30000013,1950.54044127,1410.86012141,1051154.0,120884.31694306,5805.76987774
BTC_JPY,2020-06-06T00:01:44.517,25171243,1051426.0,1051670.0,0.25999987,0.01,1953.96712651,1411.43395763,1051327.0,120917.97920278,5806.819878
BTC_JPY,2020-06-06T00:01:50.03,25171366,1051426.0,1051997.0,0.25999987,0.4269,1953.56912651,1409.32306776,1052002.0,120956.90374278,5807.855378
BTC_JPY,2020-06-06T00:01:54.16,25171490,1051417.0,1052344.0,0.4231,0.15,1955.67108843,1410.9874324999994,1052165.0,120990.59680432,5808.716778
BTC_JPY,2020-06-06T00:01:59.687,25171648,1052165.0,1052232.0,0.09,0.03,1956.83178613,1410.3538824999994,1051643.0,120999.51582367,5808.736778
BTC_JPY,2020-06-06T00:02:04.093,25171762,1052165.0,1052403.0,0.0450025,0.135,1959.898391,1406.1862225,1052165.0,121016.44473139998,5809.4017755
BTC_JPY,2020-06-06T00:02:09.077,25171916,1052182.0,1052919.0,0.1,0.3753,1963.21864395,1408.48146697,1052724.0,121011.56392726,5807.2809755
BTC_JPY,2020-06-06T00:02:14.647,25172103,1050500.0,1051500.0,0.48412696,0.01,1956.71146831,1412.51739261,1050500.0,121036.70136027,5810.00059101
BTC_JPY,2020-06-06T00:02:19.99,25172231,1050850.0,1051666.0,0.1,0.4221,1959.16422085,1412.38349965,1050826.0,121053.49158568,5810.24285496
BTC_JPY,2020-06-06T00:02:24.87,25172356,1050524.0,1051385.0,0.1901,0.40000013,1959.14511085,1414.41206964,1051387.0,121074.02138917,5811.38285488
BTC_JPY,2020-06-06T00:05:08.99,25175492,1050503.0,1051275.0,0.3907,0.4812,1961.23616757,1422.53590997,1050500.0,121373.65553989999,5836.34154581
BTC_JPY,2020-06-06T00:05:15.1,25175648,1050392.0,1051056.0,0.1982,1.0,1962.72389453,1421.07807462,1051147.0,121379.06973768,5833.75073662
BTC_JPY,2020-06-06T00:05:18.967,25175768,1050468.0,1051617.0,0.1,0.1944,1965.35278459,1421.01375102,1051614.0,121387.07183548,5834.39225474
BTC_JPY,2020-06-06T00:05:24.297,25175907,1050685.0,1051418.0,0.4899,1.0,1964.61067324,1419.10273954,1051614.0,121376.7433418,5834.39225474
BTC_JPY,2020-06-06T00:05:28.893,25176003,1050738.0,1051426.0,0.4899,0.03,1965.46487324,1419.68368954,1051418.0,121389.83687938,5834.44225474
BTC_JPY,2020-06-06T00:05:34.58,25176161,1051899.0,1052362.0,0.09,1.0,1967.79125707,1415.75974557,1051899.0,121406.83277261,5834.91571374
BTC_JPY,2020-06-06T00:05:39.267,25176265,1051897.0,1052169.0,0.1,0.1,1968.18567707,1417.0322579,1052170.0,121422.08877035,5834.93671374
BTC_JPY,2020-06-06T00:05:43.92,25176347,1051273.0,1052113.0,0.1515,0.1,1968.50792694,1416.19661511,1051897.0,121423.91427889,5835.03671374
BTC_JPY,2020-06-06T00:05:49.393,25176475,1051627.0,1052224.0,0.4977,0.03,1969.22516607,1415.75297372,1052095.0,121442.93765022,5835.95944447
BTC_JPY,2020-06-06T00:05:53.99,25176581,1051664.0,1052220.0,0.1,0.1661,1970.03091607,1415.84775402,1051750.0,121426.02276254,5836.71944447
BTC_JPY,2020-06-06T00:05:59.637,25176705,1051545.0,1051750.0,0.1,0.018195,1967.78369112,1415.92321407,1052095.0,121438.49923169,5836.82144447
BTC_JPY,2020-06-06T00:06:04.37,25176811,1051500.0,1051995.0,0.01,0.01,1967.69144599,1413.85969067,1051750.0,121440.98064484,5836.83963947
BTC_JPY,2020-06-06T00:06:09.42,25176947,1052263.0,1052500.0,0.5143,0.01,1965.79378397,1411.33690852,1052224.0,121457.22355851,5837.88863947
BTC_JPY,2020-06-06T00:06:14.88,25177081,1051979.0,1052519.0,0.05038,0.58288483,1967.11827519,1413.25763182,1051975.0,121469.17709926,5838.19376324
BTC_JPY,2020-06-06T00:06:19.773,25177201,1052015.0,1052519.0,0.05975,0.00487623,1967.35514532,1415.1163761,1051975.0,121469.77642248,5837.25376324
BTC_JPY,2020-06-06T00:06:24.04,25177304,1052054.0,1052613.0,0.5132,0.00787623,1966.84539141,1416.58294244,1052613.0,121461.22992454,5837.40376324
BTC_JPY,2020-06-06T00:06:29.673,25177449,1051576.0,1052068.0,0.1,0.09,1968.61605004,1420.18560953,1052068.0,121468.24460904,5837.81846324
BTC_JPY,2020-06-06T00:06:35.227,25177566,1051674.0,1052320.0,0.05906,0.15,1966.54101004,1420.82253243,1052068.0,121475.41685335,5837.65846324
BTC_JPY,2020-06-06T00:06:39.48,25177680,1051952.0,1052326.0,0.32,0.03,1966.37821134,1418.0973579000001,1051685.0,121463.09177657,5835.83846324
BTC_JPY,2020-06-06T00:06:44.387,25177788,1052068.0,1052095.0,0.001,0.05,1968.09204134,1420.8445179,1051685.0,121474.68959779,5835.83846324
BTC_JPY,2020-06-06T00:06:48.83,25177907,1052505.0,1052560.0,0.2,0.7499899999999999,1970.42479112,1414.77090065,1052560.0,121495.42158197,5836.36847324
BTC_JPY,2020-06-06T00:06:54.637,25178066,1052068.0,1052823.0,0.001,0.501,1968.77754112,1414.81831078,1052722.0,121514.24537178,5837.22656523
BTC_JPY,2020-06-06T00:06:59.543,25178157,1052113.0,1052613.0,0.1,0.01,1967.39684099,1416.64891078,1052613.0,121534.16883930001,5837.05456523
BTC_JPY,2020-06-06T00:07:04.72,25178260,1052149.0,1052847.0,0.501,1.4306215,1968.81374112,1416.41303229,1052850.0,121493.18319914,5837.34956523
BTC_JPY,2020-06-06T00:07:09.323,25178345,1052194.0,1052823.0,0.5014,0.03,1967.47996757,1416.68275676,1052850.0,121484.01476262,5837.34956523
BTC_JPY,2020-06-06T00:07:14.653,25178440,1052228.0,1052823.0,0.5014,0.03,1968.64688559,1414.69560764,1052850.0,121473.45281236,5837.34956523
BTC_JPY,2020-06-06T00:07:19.48,25178522,1052204.0,1052823.0,0.07,0.03,1967.95845559,1414.78946764,1052850.0,121475.8518303,5837.34956523
BTC_JPY,2020-06-06T00:07:24.43,25178601,1052182.0,1052847.0,0.05475,1.5236215,1968.28201757,1414.88146764,1052847.0,121478.08133516,5837.54956523
BTC_JPY,2020-06-06T00:10:09.943,25181435,1051451.0,1051999.0,0.1,0.407,1969.26422693,1421.00962509,1052000.0,121466.50806969,5843.58856167
BTC_JPY,2020-06-06T00:10:14.573,25181515,1051706.0,1052000.0,0.01,0.25988657,1970.67782706,1421.05754509,1052000.0,121463.09172119,5843.63856167
BTC_JPY,2020-06-06T00:10:18.937,25181614,1051706.0,1052020.0,0.01,0.002,1971.35852706,1421.00465852,1052000.0,121468.16002967,5843.89844824
BTC_JPY,2020-06-06T00:10:24.757,25181731,1052000.0,1052108.0,0.01,0.03,1970.70901706,1421.97578852,1052000.0,121469.99144174,5843.91044824
BTC_JPY,2020-06-06T00:10:29.957,25181871,1051500.0,1051985.0,0.01,0.534,1970.29202707,1422.39765642,1051706.0,121486.61637718,5843.94044824
BTC_JPY,2020-06-06T00:10:34.93,25181974,1052000.0,1052108.0,0.047,0.03,1970.36178468,1420.9406639,1052000.0,121493.68855636,5843.95104824
BTC_JPY,2020-06-06T00:10:39.527,25182052,1052000.0,1052108.0,0.037000000000000005,0.03,1970.91065468,1421.6903339,1052000.0,121495.1284847,5843.80104824
BTC_JPY,2020-06-06T00:10:44.407,25182143,1051500.0,1052108.0,0.01,0.5399649999999999,1969.41052707,1420.59021249,1052000.0,121499.66533903,5843.49904824
BTC_JPY,2020-06-06T00:10:49.037,25182216,1051500.0,1051961.0,0.01,0.03,1970.92167707,1420.80847249,1052000.0,121503.54899526,5842.49904824
BTC_JPY,2020-06-06T00:10:54.883,25182270,1051501.0,1051950.0,0.2,0.1,1970.74959707,1420.86441249,1052000.0,121500.06387497,5842.44804824
BTC_JPY,2020-06-06T00:10:59.143,25182286,1051501.0,1051663.0,0.2,0.01,1971.34375707,1420.87441249,1052000.0,121489.36046584,5841.84064824
BTC_JPY,2020-06-06T00:11:04.77,25182313,1051501.0,1051663.0,0.2,0.01,1971.59654707,1421.98861249,1052000.0,121495.42746109,5841.70064815
BTC_JPY,2020-06-06T00:11:08.907,25182324,1051501.0,1051663.0,0.2,0.01,1971.58754707,1422.13859249,1052000.0,121483.60349439,5841.68912815
BTC_JPY,2020-06-06T00:11:14.14,25182435,1051213.0,1051558.0,0.81,0.05292,1967.42661757,1424.02543262,1051213.0,121510.10435675,5841.47012815
BTC_JPY,2020-06-06T00:11:19.19,25182522,1051213.0,1051495.0,0.8109999999999999,0.051210000000000006,1968.2232252,1426.11346945,1051213.0,121516.55585515,5841.47012815
BTC_JPY,2020-06-06T00:11:24.207,25182554,1051213.0,1051495.0,0.611,0.051210000000000006,1968.1309952,1425.33366945,1051213.0,121522.32158258,5841.42512815
BTC_JPY,2020-06-06T00:11:29.363,25182623,1051062.0,1051213.0,0.001,0.08,1969.5505452,1424.79827615,1051189.0,121533.51520254,5842.03812815
BTC_JPY,2020-06-06T00:11:35.143,25182755,1050800.0,1051140.0,0.02,0.1,1964.9027343,1424.48663524,1051000.0,121537.84771387,5842.14012815
BTC_JPY,2020-06-06T00:11:39.357,25182829,1050515.0,1050822.0,0.01,0.94,1964.90331757,1426.87947524,1050800.0,121545.73416702,5842.26012815
BTC_JPY,2020-06-06T00:11:44.733,25182892,1050494.0,1050500.0,0.3,0.49688657,1964.84068182,1425.88482933,1050500.0,121550.18059789,5843.25324158
BTC_JPY,2020-06-06T00:11:49.403,25182973,1050494.0,1050500.0,0.1,0.703,1965.49138169,1425.78844276,1050494.0,121550.49312863,5844.21812815
BTC_JPY,2020-06-06T00:11:55.127,25183069,1050271.0,1050500.0,0.001,0.16569279,1964.87891757,1426.33213556,1050494.0,121562.03530561,5844.85543536
BTC_JPY,2020-06-06T00:11:59.39,25183173,1050271.0,1050485.0,0.001,0.1,1959.99914757,1425.92927131,1050483.0,121577.78704204,5846.06543536
BTC_JPY,2020-06-06T00:12:04.763,25183272,1050000.0,1050087.0,13.81813915,0.015832,1961.589352,1426.20208787,1050000.0,121587.9820598,5846.46543549
BTC_JPY,2020-06-06T00:12:09.497,25183387,1050090.0,1050783.0,0.1,0.14400000000000002,1965.16721541,1426.21054649,1050500.0,121604.42698557,5846.75696028
BTC_JPY,2020-06-06T00:12:14.64,25183507,1050099.0,1050806.0,0.1,0.5084,1966.74329554,1425.21776649,1050094.0,121623.18918933,5846.80696028
BTC_JPY,2020-06-06T00:12:19.28,25183581,1050110.0,1050804.0,0.1,0.5179,1967.45530754,1426.26445649,1050074.0,121647.27081144,5848.81636028
BTC_JPY,2020-06-06T00:12:24.327,25183672,1050006.0,1050753.0,0.05861,0.03,1967.48107754,1426.20962649,1050074.0,121653.65661603,5848.81636028
BTC_JPY,2020-06-06T00:15:08.333,25186196,1050000.0,1050472.0,7.81194223,0.3,1965.52284252,1428.94213998,1050000.0,121783.68003857,5868.92516738
BTC_JPY,2020-06-06T00:15:13.947,25186334,1049721.0,1049957.0,0.001,0.4524,1951.43508321,1429.41568339,1049800.0,121804.03313823,5877.20529469
BTC_JPY,2020-06-06T00:15:20.27,25186498,1049271.0,1049450.0,0.001,0.1545,1929.91525521,1428.7941122000002,1049380.0,121822.58269366,5879.89433078
BTC_JPY,2020-06-06T00:15:24.543,25186622,1049638.0,1050000.0,0.019,0.019993,1956.29944637,1418.30946434,1049947.0,121839.58702516,5883.16433091
BTC_JPY,2020-06-06T00:15:29.997,25186746,1049688.0,1050483.0,0.5654,0.28048,1958.09731862,1421.63313603,1050483.0,121864.72634267,5883.96463066
BTC_JPY,2020-06-06T00:15:34.137,25186836,1049791.0,1050555.0,0.1,0.245,1958.59551874,1421.36792616,1049822.0,121885.60339631,5886.53511066
BTC_JPY,2020-06-06T00:15:39.483,25186947,1049695.0,1050541.0,0.057629999999999994,0.1,1958.72775665,1421.89636867,1049822.0,121896.85155463,5886.53511066
BTC_JPY,2020-06-06T00:15:44.21,25187066,1049845.0,1050555.0,0.1,0.245,1961.04206665,1421.31391434,1049822.0,121902.57861469,5886.53511066
BTC_JPY,2020-06-06T00:15:48.823,25187197,1050544.0,1050822.0,0.32,0.09,1963.89832665,1417.19892551,1050822.0,121912.39955847,5887.99011066
BTC_JPY,2020-06-06T00:15:54.63,25187327,1050377.0,1050998.0,0.5744,0.84,1961.14452691,1419.06792564,1050351.0,121930.25707347,5889.05811166
BTC_JPY,2020-06-06T00:15:59.213,25187468,1050231.0,1050929.0,0.054689999999999996,0.5669,1957.63038366,1422.04101146,1050225.0,121943.84304913,5890.43611166
BTC_JPY,2020-06-06T00:16:04.333,25187559,1049911.0,1050925.0,0.31,0.1,1957.82868321,1420.52108936,1049908.0,121973.60307181,5891.33521211
BTC_JPY,2020-06-06T00:16:09.447,25187677,1050255.0,1050739.0,0.32,0.1,1957.67219398,1422.57457251,1049908.0,121980.93273894,5891.33521211
BTC_JPY,2020-06-06T00:16:14.633,25187816,1049916.0,1050750.0,0.056379999999999986,0.1,1958.17000847,1422.22924159,1050256.0,121990.47691473,5891.53521211
BTC_JPY,2020-06-06T00:16:19.79,25187938,1050000.0,1050747.0,0.8,0.6446,1960.28336847,1422.66515159,1050256.0,121990.89460225,5891.53521211
BTC_JPY,2020-06-06T00:16:24.183,25188009,1050005.0,1050718.0,0.052289999999999996,0.5446,1960.75901847,1422.17925586,1050256.0,121993.04417977,5891.52521211
BTC_JPY,2020-06-06T00:16:29.137,25188124,1050000.0,1050729.0,0.8,0.7446,1958.16042847,1423.37566626,1050256.0,121991.35459482,5891.20421211
BTC_JPY,2020-06-06T00:16:34.107,25188234,1050000.0,1050610.0,0.8,0.5446,1959.70811847,1425.0233779,1050256.0,121990.80914877,5891.05221211
BTC_JPY,2020-06-06T00:16:39.337,25188357,1050015.0,1050607.0,0.05616,0.1,1960.21158847,1423.52140765,1050256.0,121993.76948867,5891.02759068
BTC_JPY,2020-06-06T00:16:43.917,25188456,1050010.0,1050597.0,1e-06,0.6446,1960.58884947,1424.63991689,1050010.0,121996.00652278,5891.01888968
BTC_JPY,2020-06-06T00:16:49.613,25188580,1050000.0,1050570.0,0.601001,0.30000013,1960.08475934,1423.63574614,1050000.0,121997.22959365,5891.15218968
BTC_JPY,2020-06-06T00:16:54.03,25188669,1050000.0,1050567.0,0.601001,0.5431,1959.31137997,1422.81640944,1050000.0,122001.59954254,5891.15218968
BTC_JPY,2020-06-06T00:16:59.977,25188813,1050007.0,1050584.0,0.0667,0.1,1960.78435642,1422.04481285,1050000.0,122006.77976871,5891.36218968
BTC_JPY,2020-06-06T00:17:03.923,25188877,1050001.0,1050585.0,0.0746,0.1,1961.00050629,1422.06682285,1050000.0,122013.62056871,5891.36218968
BTC_JPY,2020-06-06T00:17:09.363,25188956,1050001.0,1050585.0,0.0721,0.1,1961.25900629,1420.48735485,1050000.0,122018.56456317,5891.36218968
BTC_JPY,2020-06-06T00:17:14.96,25189039,1050000.0,1050585.0,1.571001,0.5417,1961.89140642,1421.26382285,1050007.0,122021.83022717,5891.37218968
BTC_JPY,2020-06-06T00:17:19.48,25189135,1050005.0,1050569.0,0.05764,0.5417,1961.99474642,1421.48252271,1050007.0,122023.76205787,5891.37218968
BTC_JPY,2020-06-06T00:17:24.727,25189221,1050103.0,1050359.0,0.32,0.51,1963.58547176,1421.36062005,1050007.0,122023.64389979,5891.37218968
BTC_JPY,2020-06-06T00:20:09.06,25191870,1051085.0,1051718.0,0.1,0.5662,1980.46377441,1416.91067953,1051273.0,122141.44700580002,5908.59946591
BTC_JPY,2020-06-06T00:20:15.093,25191952,1051099.0,1051897.0,0.31,0.0534,1981.82572966,1416.73535954,1051273.0,122153.12249401,5908.59946591
BTC_JPY,2020-06-06T00:20:19.487,25192008,1051085.0,1051858.0,0.1,0.1,1981.32360966,1418.39971954,1051273.0,122170.89559988,5908.59946591
BTC_JPY,2020-06-06T00:20:24.757,25192115,1051085.0,1051732.0,0.1,0.5662,1979.34015454,1417.02305623,1051273.0,122181.88575474,5908.49946591
BTC_JPY,2020-06-06T00:20:28.977,25192168,1051085.0,1051698.0,0.1,0.05647000000000001,1980.00356454,1417.52511044,1051273.0,122192.79434888,5908.49946591
BTC_JPY,2020-06-06T00:20:34.523,25192229,1051086.0,1051732.0,0.5662,0.523,1984.51428454,1418.12794031,1051273.0,122191.65442572,5908.49946591
BTC_JPY,2020-06-06T00:20:39.403,25192336,1051087.0,1051686.0,0.5662,0.1,1984.66062454,1419.25504044,1051273.0,122186.27082610002,5908.49946591
BTC_JPY,2020-06-06T00:20:44.313,25192435,1051085.0,1051273.0,0.1,0.05,1982.33228441,1417.98755543,1051273.0,122190.62894496,5908.49946591
BTC_JPY,2020-06-06T00:20:49.3,25192526,1051086.0,1051671.0,0.5585,0.5156,1982.48818454,1417.73404044,1051084.0,122194.48370074,5908.89296591
BTC_JPY,2020-06-06T00:20:54.117,25192627,1051085.0,1051657.0,0.1,0.516,1982.2128162,1418.1446121,1051084.0,122199.60395654,5908.89296591
BTC_JPY,2020-06-06T00:20:58.573,25192730,1050533.0,1051083.0,0.05,0.487,1974.70391166,1420.36050855,1051000.0,122218.75469236,5910.83396591
BTC_JPY,2020-06-06T00:21:03.9,25192857,1050551.0,1051042.0,0.28270373,0.1,1978.17953539,1423.14536309,1050551.0,122229.13165631,5910.87126218
BTC_JPY,2020-06-06T00:21:10.107,25192999,1050533.0,1051015.0,0.05,0.1,1979.1662504,1421.90619529,1050551.0,122226.49200225,5910.87126218
BTC_JPY,2020-06-06T00:21:14.057,25193093,1050534.0,1050986.0,0.1353,0.08900000000000001,1981.05809026,1417.67950656,1051033.0,122221.02359282,5909.25326127
BTC_JPY,2020-06-06T00:21:20.09,25193237,1050755.0,1051014.0,0.1,0.06447381,1983.20249039,1416.16493388,1051014.0,122236.71144938,5909.72445746
BTC_JPY,2020-06-06T00:21:24.207,25193304,1050545.0,1050991.0,0.1,0.1,1981.20531461,1417.89393388,1051014.0,122245.2458413,5909.72445746
BTC_JPY,2020-06-06T00:21:28.977,25193372,1050755.0,1050991.0,0.02,0.1,1982.58538461,1418.37054388,1051014.0,122216.24533481,5908.44947863
BTC_JPY,2020-06-06T00:21:34.647,25193420,1050755.0,1050991.0,0.02,0.1,1982.91831474,1417.98256178,1051014.0,122171.27753594,5898.84877763
BTC_JPY,2020-06-06T00:21:39.303,25193469,1050755.0,1050991.0,0.02,0.1,1982.67760461,1417.95931178,1051014.0,122118.13915316,5889.747656600001
BTC_JPY,2020-06-06T00:21:45.073,25193562,1050785.0,1051072.0,0.5433,0.02,1983.00247474,1416.41390797,1051014.0,122103.08039241,5890.41421552
BTC_JPY,2020-06-06T00:21:49.997,25193657,1050995.0,1051014.0,0.32,0.4,1983.39561474,1416.44988797,1051014.0,122100.51628848,5890.41421552
BTC_JPY,2020-06-06T00:21:54.1,25193687,1050995.0,1051014.0,0.32,0.4,1984.49231474,1418.34250797,1051014.0,122089.34195435,5886.57311552
BTC_JPY,2020-06-06T00:21:59.383,25193714,1050995.0,1051000.0,0.32,0.7,1983.56230474,1418.36041231,1051014.0,122066.91264064,5882.67201552
BTC_JPY,2020-06-06T00:22:04.56,25193734,1050995.0,1051000.0,0.27,0.7,1983.20031474,1416.28689923,1050995.0,122058.88432283,5882.50201552
BTC_JPY,2020-06-06T00:22:08.927,25193777,1050999.0,1051014.0,0.31,0.60433455,1983.60579195,1415.77878407,1051014.0,122057.95373402,5883.38768097
BTC_JPY,2020-06-06T00:22:14.837,25193808,1050999.0,1051000.0,0.46,0.147,1983.46940195,1416.23696407,1051000.0,122046.33543787,5883.73068097
BTC_JPY,2020-06-06T00:22:19.41,25193855,1050985.0,1051014.0,0.15,0.64433455,1983.93282195,1415.72596407,1051000.0,122036.01392732,5883.87768097
BTC_JPY,2020-06-06T00:22:24.177,25193896,1050991.0,1051014.0,0.31,0.34433455,1983.97487195,1416.18655407,1051014.0,122028.30531601,5883.37358097
BTC_JPY,2020-06-06T00:25:10.017,25196595,1051297.0,1052023.0,0.3635,0.04,1984.98865215,1415.49381974,1051438.0,122044.58897657,5885.83535274
BTC_JPY,2020-06-06T00:25:15.017,25196685,1051297.0,1052011.0,0.3635,0.04,1984.83235202,1416.47256704,1051438.0,122044.77149951,5885.82535274
BTC_JPY,2020-06-06T00:25:19.647,25196764,1051301.0,1052021.0,0.3628,0.04,1985.29165215,1416.06256704,1051438.0,122044.60379251,5885.82535274
BTC_JPY,2020-06-06T00:25:24.493,25196854,1051300.0,1052011.0,0.26,0.04,1985.18885215,1414.96300954,1051300.0,122044.22316247,5885.87535274
BTC_JPY,2020-06-06T00:25:28.857,25196952,1051304.0,1052047.0,0.513,0.1,1987.05435217,1411.5909224000006,1051300.0,122054.58630589,5885.87535274
BTC_JPY,2020-06-06T00:25:34.54,25197059,1051527.0,1052048.0,0.513,0.1,1987.49079217,1411.9568224000002,1051300.0,122040.88385627,5885.68025274
BTC_JPY,2020-06-06T00:25:39.76,25197150,1051581.0,1052048.0,0.5122,0.1,1987.18516531,1412.84679705,1051578.0,122039.91665636,5884.99025261
BTC_JPY,2020-06-06T00:25:44.957,25197213,1051776.0,1052048.0,0.5122,0.1,1987.81365997,1413.03759705,1051578.0,122045.52068636,5884.99025261
BTC_JPY,2020-06-06T00:25:49.93,25197260,1051792.0,1052122.0,0.31,0.1,1985.32365997,1412.61939705,1051578.0,122049.52184002,5884.99025261
BTC_JPY,2020-06-06T00:25:54.523,25197322,1051792.0,1052122.0,0.5122,0.1,1987.24995997,1412.95039705,1051578.0,122052.96275057,5884.99025261
BTC_JPY,2020-06-06T00:25:59.59,25197417,1051776.0,1052117.0,0.01,0.059860000000000003,1987.11047997,1412.68725705,1051578.0,122051.94474910002,5884.99025261
BTC_JPY,2020-06-06T00:26:04.603,25197468,1051776.0,1052117.0,0.01,0.058670000000000014,1986.76779997,1412.63726705,1051578.0,122051.03617268,5884.98025262
BTC_JPY,2020-06-06T00:26:09.12,25197529,1051776.0,1052117.0,0.01,0.05212000000000002,1986.38879997,1412.97191705,1051578.0,122040.30360779,5884.98025262
BTC_JPY,2020-06-06T00:26:14.887,25197597,1051776.0,1052117.0,0.01,0.05694,1986.18026997,1414.07133171,1051578.0,122034.14916216,5884.98025262
BTC_JPY,2020-06-06T00:26:18.15,25197633,1051776.0,1052117.0,0.01,0.054720000000000005,1986.85056997,1413.9549424000006,1051578.0,122032.37257521,5884.98025262
BTC_JPY,2020-06-06T00:26:24.047,25197690,1051776.0,1052117.0,0.01,0.05637,1986.88736997,1414.50086171,1051578.0,122028.12117061,5884.98025262
BTC_JPY,2020-06-06T00:26:30.093,25197746,1051776.0,1052186.0,0.01,0.003,1986.51377997,1413.20449171,1051578.0,122016.41295781,5884.98025262
BTC_JPY,2020-06-06T00:26:33.95,25197806,1051776.0,1052117.0,0.01,0.0534,1986.93345997,1413.35789171,1051578.0,122010.36918571,5884.98025262
BTC_JPY,2020-06-06T00:26:39.107,25197867,1051776.0,1052115.0,0.01,0.1,1986.05553984,1413.42449171,1051578.0,122009.17651278,5884.98025262
BTC_JPY,2020-06-06T00:26:44.373,25197974,1051776.0,1052100.0,0.01,0.1,1986.98825997,1413.57599171,1051578.0,122012.40856998,5884.98025262
BTC_JPY,2020-06-06T00:26:49.08,25198084,1051580.0,1052078.0,0.7,0.04,1987.07691997,1413.67659454,1051776.0,122019.26342126,5884.99025262
BTC_JPY,2020-06-06T00:26:55.147,25198200,1051632.0,1052117.0,0.5122,0.057179999999999995,1987.55453497,1412.06234121,1051776.0,122021.97207195,5884.99025262
BTC_JPY,2020-06-06T00:26:59.397,25198271,1051660.0,1052381.0,0.6521,0.002,1987.38498484,1411.79106054,1052186.0,122026.93922651,5885.24533262
BTC_JPY,2020-06-06T00:27:04.32,25198380,1052079.0,1052381.0,0.1,0.002,1987.49290977,1413.17215054,1052186.0,122033.23121589,5885.04533262
BTC_JPY,2020-06-06T00:27:09.53,25198501,1051580.0,1052160.0,0.7,0.1,1981.13617051,1412.4534462000001,1051582.0,122015.26425724,5884.48853262
BTC_JPY,2020-06-06T00:27:14.83,25198616,1051592.0,1052135.0,0.1,0.05646,1983.74638051,1412.94032622,1051582.0,122014.86380680001,5884.48853262
BTC_JPY,2020-06-06T00:27:18.97,25198722,1051662.0,1052373.0,0.31,0.4971,1986.96756845,1414.09323401,1051582.0,122021.6544707,5884.48853262
BTC_JPY,2020-06-06T00:27:23.927,25198818,1051691.0,1052364.0,0.4971,0.059329999999999994,1986.51498832,1413.75546401,1051582.0,122015.99603138,5884.48853262
BTC_JPY,2020-06-06T00:30:09.47,25201185,1051500.0,1051764.0,0.01,0.4956,1977.23418053,1421.44823477,1051578.0,122113.33249888,5889.00514163
BTC_JPY,2020-06-06T00:30:14.49,25201302,1051163.0,1051762.0,0.11,0.4956,1981.59344997,1420.91360552,1051500.0,122120.86976712,5888.96314163
BTC_JPY,2020-06-06T00:30:19.72,25201420,1051192.0,1051755.0,1.0,0.4956,1981.21692197,1422.90609552,1051500.0,122125.35262905,5889.06314163
BTC_JPY,2020-06-06T00:30:24.957,25201518,1051076.0,1051382.0,1.0,0.30000013,1981.55700152,1424.75732507,1051500.0,122130.66248102,5889.06314163
BTC_JPY,2020-06-06T00:30:29.313,25201626,1051146.0,1051944.0,0.4374,0.1,1982.92192152,1423.98602508,1051383.0,122137.46385586,5889.38314163
BTC_JPY,2020-06-06T00:30:34.863,25201770,1051122.0,1051898.0,0.1,0.14400000000000002,1980.72851616,1425.3174494,1051383.0,122146.32054845,5889.07564163
BTC_JPY,2020-06-06T00:30:40.117,25201905,1051123.0,1051608.0,0.1175,0.1,1982.29273585,1424.6558994000006,1051383.0,122148.41581101,5889.07564163
BTC_JPY,2020-06-06T00:30:44.93,25202006,1051122.0,1051595.0,0.1,0.1,1982.53730585,1425.2310694,1051500.0,122151.13600935,5889.11864163
BTC_JPY,2020-06-06T00:30:49.463,25202081,1051122.0,1051619.0,0.1,0.4941,1982.56436585,1425.50516927,1051500.0,122155.78720657,5889.11864163
BTC_JPY,2020-06-06T00:30:54.45,25202176,1051123.0,1051774.0,0.3203,0.1,1982.37847572,1425.1866694,1051500.0,122156.54147433,5888.87864163
BTC_JPY,2020-06-06T00:30:59.437,25202272,1051122.0,1051714.0,0.1,0.1,1982.27576585,1425.1066694,1051500.0,122157.72817433,5888.87864163
BTC_JPY,2020-06-06T00:31:05.087,25202356,1051076.0,1051657.0,1.0,0.1,1982.22123585,1425.0866694,1051500.0,122159.58874629,5888.86864163
BTC_JPY,2020-06-06T00:31:09.527,25202428,1051122.0,1051783.0,0.1,0.4941,1982.32844585,1426.3256694,1051500.0,122138.0313007,5888.57864163
BTC_JPY,2020-06-06T00:31:14.703,25202492,1051122.0,1051726.0,0.1,0.4941,1983.15676585,1427.7256694,1051500.0,122121.07510369,5888.57864163
BTC_JPY,2020-06-06T00:31:19.92,25202574,1051101.0,1051713.0,0.05317,0.1,1982.79993572,1427.4156694,1051500.0,122123.98859133,5887.57863124
BTC_JPY,2020-06-06T00:31:24.52,25202665,1051133.0,1051852.0,0.11,0.4941,1983.40376585,1427.04566941,1051500.0,122122.67853091,5887.36862624
BTC_JPY,2020-06-06T00:31:29.397,25202755,1051138.0,1051849.0,0.05862000000000001,0.5941,1981.50847935,1427.4935994,1051149.0,122122.51713851,5886.99364163
BTC_JPY,2020-06-06T00:31:34.76,25202832,1051122.0,1051851.0,0.1,0.30000013,1982.61327935,1426.8395694,1051149.0,122141.05235518,5886.99364163
BTC_JPY,2020-06-06T00:31:39.137,25202904,1051122.0,1051561.0,0.05872,0.2,1982.3533489,1427.14152622,1051094.0,122130.3870228,5887.09364163
BTC_JPY,2020-06-06T00:31:45.017,25202988,1051076.0,1051558.0,1.0,0.1,1982.5677889000006,1426.07357896,1051094.0,122129.96159987,5886.80364163
BTC_JPY,2020-06-06T00:31:49.327,25203040,1051076.0,1051558.0,1.0,0.4904,1982.3677889000005,1425.95457896,1051094.0,122132.6887532,5886.80364163
BTC_JPY,2020-06-06T00:31:54.88,25203138,1051076.0,1051547.0,1.0,0.1,1983.2877889,1425.81717896,1051400.0,122112.41927612,5885.22080776
BTC_JPY,2020-06-06T00:31:59.073,25203221,1051076.0,1051497.0,0.92,0.4867,1981.72412253,1426.57237896,1051076.0,122109.91565724,5885.30080776
BTC_JPY,2020-06-06T00:32:04.063,25203293,1051076.0,1051335.0,0.890482,0.32,1982.91555423,1426.86097579,1051076.0,122110.36238053,5885.33032576
BTC_JPY,2020-06-06T00:32:09.59,25203341,1051076.0,1051335.0,0.890482,0.32,1982.86416423,1427.23781579,1051076.0,122103.05017785,5885.33032576
BTC_JPY,2020-06-06T00:32:12.477,25203358,1051076.0,1051335.0,0.890482,0.32,1983.61645423,1427.24125579,1051076.0,122100.40785455,5885.33032576
BTC_JPY,2020-06-06T00:32:19.937,25203461,1051076.0,1051588.0,0.990482,0.4867,1980.71825423,1427.58394389,1051076.0,122096.97077484,5885.33032576
BTC_JPY,2020-06-06T00:32:24.61,25203576,1051000.0,1051314.0,0.050455,0.498,1975.9599651,1428.72846696,1051000.0,122111.4541875,5887.53532476
BTC_JPY,2020-06-06T00:35:09.39,25205867,1049611.0,1049745.0,0.1,0.1,1970.95729255,1436.35705649,1049710.0,122186.75165610001,5894.2134861999975
BTC_JPY,2020-06-06T00:35:13.747,25205894,1049611.0,1049745.0,0.1,0.1,1970.32939268,1437.04105649,1049710.0,122183.41247039,5894.1074862
BTC_JPY,2020-06-06T00:35:19.99,25205991,1049500.0,1049745.0,0.01,0.5913,1969.30282446,1426.57234647,1049745.0,122185.61365817,5894.3034861999995
BTC_JPY,2020-06-06T00:35:23.82,25206055,1049500.0,1049746.0,0.01,0.3,1969.81421937,1435.1629465999995,1049744.0,122178.81816339998,5894.5134861999995
BTC_JPY,2020-06-06T00:35:29.337,25206082,1049500.0,1049746.0,0.0015,0.3,1970.11234937,1435.74293367,1049500.0,122180.47682483,5894.5219861999985
BTC_JPY,2020-06-06T00:35:34.953,25206130,1049500.0,1049706.0,0.0015,0.08040900000000001,1968.83758937,1435.41334267,1049500.0,122176.45998522,5894.5219861999985
BTC_JPY,2020-06-06T00:35:39.163,25206194,1049500.0,1049648.0,0.16,10.0,1968.44093924,1435.61549368,1049464.0,122178.42742102,5894.5419862
BTC_JPY,2020-06-06T00:35:44.923,25206285,1049500.0,1049710.0,0.16,0.0725,1966.19089937,1425.66143368,1049464.0,122186.94970569,5894.5419862
BTC_JPY,2020-06-06T00:35:49.55,25206334,1049500.0,1049644.0,0.16,10.0,1966.17693937,1435.32982368,1049464.0,122185.83514073,5894.5419862
BTC_JPY,2020-06-06T00:35:54.677,25206381,1049500.0,1049634.0,0.06,0.08040900000000001,1966.08007937,1434.08696063,1049500.0,122185.48508555,5894.6419861999975
BTC_JPY,2020-06-06T00:35:59.117,25206425,1049096.0,1049635.0,0.08,0.5885935999999999,1965.80507937,1433.98016163,1049085.0,122161.98415123,5893.33697504
BTC_JPY,2020-06-06T00:36:04.287,25206502,1049096.0,1049634.0,0.08,0.4761,1964.11784043,1434.09968231,1049085.0,122157.49683529,5893.23697504
BTC_JPY,2020-06-06T00:36:09.757,25206569,1049085.0,1049495.0,0.00099,0.4761,1967.20024043,1426.73298991,1049085.0,122155.98448154,5893.23697504
BTC_JPY,2020-06-06T00:36:14.473,25206636,1049071.0,1049085.0,0.08,0.05901,1967.37771043,1436.70234091,1049085.0,122144.11154245,5893.11096434
BTC_JPY,2020-06-06T00:36:19.807,25206684,1049085.0,1049419.0,0.01,0.4761,1966.66087279,1435.12834327,1049000.0,122136.14148660001,5895.16997434
BTC_JPY,2020-06-06T00:36:23.817,25206709,1049085.0,1049419.0,0.01,0.4761,1966.42113362,1435.22635327,1049000.0,122133.57497556,5895.0699399
BTC_JPY,2020-06-06T00:36:29.667,25206735,1049085.0,1049406.0,0.01,0.469,1969.42428362,1434.87623327,1049000.0,122127.65596041,5895.0699399
BTC_JPY,2020-06-06T00:36:33.95,25206774,1049000.0,1049324.0,0.05,1.4909333,1967.94977482,1432.75518424,1049000.0,122130.13556770001,5895.3799399
BTC_JPY,2020-06-06T00:36:39.693,25206913,1048392.0,1048510.0,0.02,0.1,1942.37792636,1434.59106227,1048448.0,122185.51486641,5896.9133398999975
BTC_JPY,2020-06-06T00:36:44.097,25207019,1048250.0,1048271.0,0.2842,0.001,1966.72220642,1429.14784927,1048250.0,122205.41510595,5896.9511398999975
BTC_JPY,2020-06-06T00:36:49.507,25207128,1048261.0,1048677.0,0.1,0.4505,1965.92772649,1421.97492339,1048673.0,122225.25470127,5897.4511398999975
BTC_JPY,2020-06-06T00:36:54.343,25207233,1048111.0,1048679.0,0.1862,0.5594,1967.99157654,1421.23274339,1048250.0,122234.87321798,5898.3711398999985
BTC_JPY,2020-06-06T00:36:59.547,25207392,1047271.0,1048016.0,0.001,0.1545,1944.33374225,1420.65014326,1047380.0,122245.37052872,5902.94074996
BTC_JPY,2020-06-06T00:37:04.713,25207590,1046123.0,1046667.0,0.1,10.0,1927.83352135,1415.32266261,1046500.0,122251.41908016,5906.50793455
BTC_JPY,2020-06-06T00:37:09.68,25207740,1046668.0,1047129.0,0.1,0.32,1956.48202403,1407.89831884,1046761.0,122272.4829448,5907.75018123
BTC_JPY,2020-06-06T00:37:13.483,25207879,1047213.0,1047673.0,0.3107,0.24000001,1959.73099393,1402.77218862,1047673.0,122293.38908305,5907.54224635
BTC_JPY,2020-06-06T00:37:19.523,25208030,1047262.0,1047817.0,0.1,0.11,1960.04687831,1413.44546226,1047817.0,122328.66992337,5908.09224636
BTC_JPY,2020-06-06T00:37:24.427,25208169,1047696.0,1048257.0,0.1,10.0,1963.38838468,1413.35836878,1047918.0,122349.9540971,5907.91324636
BTC_JPY,2020-06-06T00:40:08.567,25212150,1047410.0,1048497.0,0.522,0.0057,1962.58761378,1401.64387772,1048340.0,122788.05185557,6040.34571873
BTC_JPY,2020-06-06T00:40:14.933,25212349,1048014.0,1048373.0,0.6438,0.32,1963.97961648,1393.83907742,1048655.0,122805.83578992,6041.89755574
BTC_JPY,2020-06-06T00:40:19.457,25212457,1048399.0,1048652.0,1.1,0.09,1965.32282635,1394.73178742,1048581.0,122814.27101148,6041.90755574
BTC_JPY,2020-06-06T00:40:24.57,25212617,1047799.0,1048389.0,0.32,0.7137,1947.69902637,1394.39485452,1048406.0,122850.71617517,6067.74755587
BTC_JPY,2020-06-06T00:40:30.277,25212765,1047868.0,1048500.0,0.3,0.01,1948.00312553,1401.06538466,1047861.0,122856.62287657,6068.397556
BTC_JPY,2020-06-06T00:40:34.46,25212885,1047882.0,1048396.0,0.3,0.6907,1953.48188553,1406.36908452,1047875.0,122863.59736513,6068.697556
BTC_JPY,2020-06-06T00:40:39.81,25213069,1047878.0,1048292.0,0.6774,0.069998,1954.66171943,1395.75285279,1048398.0,122882.31164212,6070.47688221
BTC_JPY,2020-06-06T00:40:44.217,25213199,1047986.0,1048500.0,0.669,0.01,1953.90903707,1405.24698785,1047919.0,122886.94722663,6071.76315728
BTC_JPY,2020-06-06T00:40:49.39,25213316,1048167.0,1048300.0,1.0,0.125,1953.12017394,1406.52814798,1048398.0,122887.25314901,6071.97307727
BTC_JPY,2020-06-06T00:40:54.173,25213424,1048254.0,1048500.0,1.0,7.951e-05,1954.88936394,1405.37383484,1048500.0,122883.98896925,6072.10807777
BTC_JPY,2020-06-06T00:40:59.477,25213526,1048213.0,1048848.0,0.05,0.1,1955.16730394,1406.20317532,1048308.0,122906.00218714,6072.60865464
BTC_JPY,2020-06-06T00:41:04.837,25213648,1048308.0,1048840.0,0.03,0.1,1954.59844943,1406.60700519,1048308.0,122912.79004688,6072.60865464
BTC_JPY,2020-06-06T00:41:10.15,25213803,1048362.0,1048900.0,0.6352,0.26999999,1958.76583137,1404.82701064,1048850.0,122929.62137761,6073.13856462
BTC_JPY,2020-06-06T00:41:14.5,25213904,1048411.0,1048900.0,0.1,0.26999999,1959.30922487,1406.544633,1048406.0,122934.53945494,6074.16856462
BTC_JPY,2020-06-06T00:41:19.597,25214045,1048326.0,1048900.0,0.7253,0.00967496,1960.61192405,1404.32355256,1048900.0,122937.04540015,6074.90856462
BTC_JPY,2020-06-06T00:41:24.76,25214208,1048482.0,1048960.0,0.7253,0.10967495,1960.44392392,1407.00705256,1048960.0,122935.98027079,6075.12856462
BTC_JPY,2020-06-06T00:41:29.41,25214362,1048900.0,1049247.0,0.05,0.01,1961.62112405,1396.91287711,1049249.0,122937.48026205,6076.23356512
BTC_JPY,2020-06-06T00:41:34.807,25214476,1048900.0,1049247.0,0.08,0.01,1961.41670405,1407.46010711,1049249.0,122940.92355917,6076.23356512
BTC_JPY,2020-06-06T00:41:39.76,25214569,1048900.0,1049333.0,0.08,0.05381,1961.25970405,1405.38918761,1049251.0,122940.25829621,6076.53356512
BTC_JPY,2020-06-06T00:41:44.127,25214669,1048900.0,1049375.0,0.08,0.6087,1961.05972405,1407.91347761,1049249.0,122940.49329621,6076.63856512
BTC_JPY,2020-06-06T00:41:49.763,25214766,1048911.0,1049392.0,0.1,0.05,1959.11371405,1405.71987761,1049249.0,122940.71974713,6076.63856512
BTC_JPY,2020-06-06T00:41:54.76,25214958,1048310.0,1048711.0,0.15,0.6135,1954.05219762,1397.88040302,1048213.0,122960.57041428,6078.13856512
BTC_JPY,2020-06-06T00:41:59.653,25215099,1048317.0,1048849.0,0.1,0.5135,1954.87429762,1409.03510301,1048849.0,122973.14555315,6078.23856512
BTC_JPY,2020-06-06T00:42:04.25,25215215,1048328.0,1049237.0,0.052320000000000005,0.3,1954.90237528,1398.05076883,1048849.0,122978.75841007,6078.23856512
BTC_JPY,2020-06-06T00:42:09.947,25215323,1048376.0,1049213.0,0.3,0.6093,1956.98490528,1408.0567087000006,1048849.0,122981.70670099,6078.23856512
BTC_JPY,2020-06-06T00:42:14.407,25215421,1048417.0,1049213.0,0.25,0.05661,1959.12875528,1405.15631884,1048849.0,122982.8374532,6078.23856512
BTC_JPY,2020-06-06T00:42:19.767,25215521,1048685.0,1049244.0,0.1,0.05404,1958.21795528,1407.81074884,1048849.0,122974.79601076,6078.23856512
BTC_JPY,2020-06-06T00:42:24.387,25215595,1048692.0,1049221.0,0.15,0.3,1960.77734946,1410.71570883,1048849.0,122976.24251194,6078.15656512
BTC_JPY,2020-06-06T00:45:09.53,25219120,1049752.0,1050000.0,0.3,3.347,1964.19088772,1410.95954239,1050406.0,123078.10086687,6081.37835213
BTC_JPY,2020-06-06T00:45:14.397,25219178,1049755.0,1050000.0,0.15,3.347,1963.97281772,1409.59896945,1050406.0,123088.61830767,6081.37835213
BTC_JPY,2020-06-06T00:45:19.23,25219243,1049763.0,1050000.0,0.15,2.56712302,1965.20240772,1408.98353669,1050000.0,123093.59646291,6082.15822911
BTC_JPY,2020-06-06T00:45:22.97,25219282,1049625.0,1050000.0,1.0,2.56712302,1963.83307393,1408.38294656,1050000.0,123096.21610902,6082.15822911
BTC_JPY,2020-06-06T00:45:29.567,25219331,1049785.0,1050000.0,0.3,2.56712302,1966.83794193,1409.46451961,1050000.0,123101.80208973,6081.94632911
BTC_JPY,2020-06-06T00:45:34.473,25219445,1049818.0,1050671.0,0.6067,0.050730000000000004,1967.26184193,1394.6109265999999,1050000.0,123099.10578701,6084.48345213
BTC_JPY,2020-06-06T00:45:39.933,25219626,1050000.0,1050628.0,0.03,0.3738,1964.01052393,1408.8825965999995,1050000.0,123102.82466321,6084.48345213
BTC_JPY,2020-06-06T00:45:45.1,25219772,1050000.0,1050578.0,0.03,0.3741,1965.05764193,1409.1830965999998,1050617.0,123099.96429104,6084.50045213
BTC_JPY,2020-06-06T00:45:49.813,25219880,1050000.0,1050544.0,0.04,0.15,1964.42558393,1408.8693965999994,1050542.0,123098.70630592,6084.71045213
BTC_JPY,2020-06-06T00:45:54.987,25220075,1049646.0,1050497.0,0.31,0.6989,1965.49070762,1400.01529666,1050000.0,123071.12984357,6084.74045213
BTC_JPY,2020-06-06T00:45:59.103,25220153,1050001.0,1050466.0,0.46,0.5949,1965.45494193,1410.62675466,1050001.0,123071.31826492,6084.88045213
BTC_JPY,2020-06-06T00:46:04.657,25220276,1050001.0,1050432.0,0.46,0.055170000000000004,1965.51773193,1410.74822466,1050446.0,123058.17772743,6084.98045213
BTC_JPY,2020-06-06T00:46:09.093,25220402,1049645.0,1050380.0,0.03,0.28,1963.83579848,1411.85030121,1050404.0,123068.67715250001,6085.44665213
BTC_JPY,2020-06-06T00:46:14.577,25220507,1049646.0,1050344.0,0.15,0.8376,1965.05378848,1410.63460108,1050404.0,123070.94707359,6085.44665213
BTC_JPY,2020-06-06T00:46:19.727,25220617,1049645.0,1050295.0,0.03,0.28,1964.92288848,1410.88385121,1050404.0,123073.39086295,6085.44665213
BTC_JPY,2020-06-06T00:46:24.38,25220711,1049645.0,1050252.0,0.03,0.5876,1959.15274848,1411.94260121,1050404.0,123068.42134454,6085.44665213
BTC_JPY,2020-06-06T00:46:29.993,25220832,1049600.0,1050202.0,0.05,0.28,1958.97278848,1411.54770121,1049600.0,123068.83138682,6085.58665213
BTC_JPY,2020-06-06T00:46:34.927,25220936,1049600.0,1050157.0,0.06,0.55,1957.07312848,1411.6670012,1049600.0,123062.61214984,6085.58665213
BTC_JPY,2020-06-06T00:46:39.52,25221041,1049600.0,1050117.0,0.06,0.050069999999999996,1953.33412848,1410.1820712,1049600.0,123060.88154113,6085.58665213
BTC_JPY,2020-06-06T00:46:44.467,25221123,1049600.0,1050142.0,0.06,0.5837,1952.25591848,1411.4668012,1049600.0,123064.97676628,6085.58665213
BTC_JPY,2020-06-06T00:46:48.897,25221192,1049600.0,1050136.0,0.05,0.05189,1952.36591848,1410.7549912,1049600.0,123066.40354228,6085.59665213
BTC_JPY,2020-06-06T00:46:54.56,25221302,1049600.0,1050100.0,0.05,0.28,1952.36035397,1410.56791669,1049600.0,123069.33902691,6085.57665213
BTC_JPY,2020-06-06T00:46:59.543,25221393,1049503.0,1050061.0,0.2056,0.28,1954.99099397,1411.89520669,1049503.0,123070.26880233,6085.92105213
BTC_JPY,2020-06-06T00:47:04.243,25221485,1049601.0,1050043.0,0.15,0.1,1955.32299397,1410.2054067,1049503.0,123073.5076205,6085.97105213
BTC_JPY,2020-06-06T00:47:08.767,25221543,1049601.0,1050055.0,0.5838,0.1,1956.15466449,1411.59128666,1049503.0,123065.73936004,6085.97105213
BTC_JPY,2020-06-06T00:47:14.37,25221633,1049612.0,1050111.0,0.15,0.1,1963.59244138,1409.00514359,1049503.0,123064.79985775,6085.97105213
BTC_JPY,2020-06-06T00:47:19.643,25221711,1049599.0,1049600.0,0.32,0.00328075,1960.54874436,1411.29768745,1049600.0,123068.53779729,6089.41777138
BTC_JPY,2020-06-06T00:47:25.123,25221808,1049567.0,1050095.0,0.15,0.05421,1961.61574449,1410.9806167000006,1049599.0,123066.17395180001,6089.47105213
BTC_JPY,2020-06-06T00:50:08.84,25225332,1051483.0,1051500.0,0.01,0.725496,1956.53035343,1405.95096682,1051500.0,123245.93279747,6101.18938932
BTC_JPY,2020-06-06T00:50:15.05,25225383,1051483.0,1051500.0,0.01,0.705496,1955.70572343,1396.16476682,1051500.0,123232.0655839,6100.60938932
BTC_JPY,2020-06-06T00:50:19.43,25225430,1051483.0,1051500.0,0.01,0.705496,1956.90396343,1395.44216669,1051500.0,123234.63678222,6100.60938932
BTC_JPY,2020-06-06T00:50:24.843,25225475,1051484.0,1051500.0,0.15,0.695496,1935.10526343,1395.35503682,1051500.0,123233.69088613,6100.61938932
BTC_JPY,2020-06-06T00:50:29.123,25225497,1051484.0,1051500.0,0.15,0.675496,1935.11526343,1395.41029669,1051500.0,123233.35160592,6100.63938932
BTC_JPY,2020-06-06T00:50:34.453,25225537,1051483.0,1051500.0,0.01,0.675496,1934.1176833,1395.70844682,1051500.0,123234.10092898,6100.63938932
BTC_JPY,2020-06-06T00:50:39.33,25225572,1051484.0,1051500.0,0.006,0.675496,1934.12259343,1395.65503682,1051500.0,123235.60353285,6100.63938932
BTC_JPY,2020-06-06T00:50:44.5,25225674,1050784.0,1051204.0,0.3,0.1,1931.73413186,1398.82062839,1050731.0,123246.83933314,6101.68038233
BTC_JPY,2020-06-06T00:50:49.983,25225784,1050785.0,1051499.0,0.1,0.5485,1932.86265186,1396.51642839,1050784.0,123253.867836,6101.88038233
BTC_JPY,2020-06-06T00:50:55.093,25225875,1050822.0,1051494.0,0.15,0.05409,1933.41277186,1396.52551839,1050784.0,123253.67037723,6101.88038233
BTC_JPY,2020-06-06T00:50:59.487,25225937,1050832.0,1051494.0,0.1,0.05409,1932.77469476,1396.82131844,1050784.0,123255.8757779,6101.88038233
BTC_JPY,2020-06-06T00:51:05.083,25226038,1050805.0,1051434.0,0.03,0.5485,1932.63481476,1396.59930828,1051494.0,123261.84503405,6101.93038233
BTC_JPY,2020-06-06T00:51:08.523,25226073,1050805.0,1051422.0,0.03,0.5485,1933.05114476,1398.09550827,1051494.0,123270.48789182,6101.93038233
BTC_JPY,2020-06-06T00:51:13.617,25226125,1050801.0,1051417.0,0.1,0.05314,1933.55466476,1397.80596844,1051422.0,123266.72957403,6102.09038233
BTC_JPY,2020-06-06T00:51:20.167,25226163,1050801.0,1051417.0,0.1,0.05314,1933.26884476,1397.70596844,1051422.0,123268.26957403,6102.08038233
BTC_JPY,2020-06-06T00:51:24.183,25226217,1050801.0,1051439.0,0.1,0.5462,1933.44729476,1396.76282844,1051422.0,123270.53957403,6102.07038233
BTC_JPY,2020-06-06T00:51:29.643,25226252,1050801.0,1051439.0,0.11,0.5462,1933.69766476,1394.19382845,1051422.0,123271.90275951,6102.07038233
BTC_JPY,2020-06-06T00:51:34.157,25226334,1050808.0,1051435.0,0.15,0.05442,1933.71476476,1394.19284845,1051422.0,123274.04948009,6102.07038233
BTC_JPY,2020-06-06T00:51:38.943,25226425,1050823.0,1051435.0,0.6462,0.05022,1934.46072298,1393.55270654,1051422.0,123275.85133857,6102.07038233
BTC_JPY,2020-06-06T00:51:45.04,25226538,1050834.0,1051434.0,0.1,0.0767,1934.22763843,1393.71668654,1051434.0,123271.00906722,6101.56996233
BTC_JPY,2020-06-06T00:51:49.167,25226585,1050802.0,1051434.0,0.15,0.05731,1934.24353843,1393.97769654,1051434.0,123268.73585905,6101.56996233
BTC_JPY,2020-06-06T00:51:54.723,25226730,1051001.0,1051443.0,0.6462,0.2548784,1936.18171843,1390.41897654,1051443.0,123273.61373583,6101.58608392
BTC_JPY,2020-06-06T00:51:59.237,25226855,1051051.0,1051422.0,0.3,0.248,1935.28101502,1393.36643699,1051443.0,123269.64731758,6101.58608392
BTC_JPY,2020-06-06T00:52:04.023,25226948,1051444.0,1051500.0,0.14,0.322446,1936.20641625,1390.66842859,1051500.0,123270.337478,6102.54901232
BTC_JPY,2020-06-06T00:52:10.017,25227093,1051578.0,1052150.0,0.644,0.03076382,1936.04480087,1387.8840028,1052150.0,123280.23213068,6103.0671945
BTC_JPY,2020-06-06T00:52:13.877,25227210,1051616.0,1052341.0,0.6724,0.5409,1936.192801,1389.13267018,1052150.0,123285.78524155,6103.0671945
BTC_JPY,2020-06-06T00:52:20.07,25227381,1051670.0,1052348.0,0.5409,0.1515,1937.611461,1390.97673807,1052150.0,123292.95373364,6103.0671945
BTC_JPY,2020-06-06T00:52:25.373,25227518,1051718.0,1052348.0,0.6909,0.1515,1937.08846876,1389.60435807,1052150.0,123307.0268912,6103.0671945
BTC_JPY,2020-06-06T00:55:09.66,25229898,1051319.0,1051799.0,0.3,0.5264,1934.43495822,1394.09602699,1051443.0,123187.90303528,6090.40596141
BTC_JPY,2020-06-06T00:55:14.423,25229951,1051329.0,1051799.0,0.3,0.5264,1935.03695912,1394.14642699,1051443.0,123181.82768956,6090.40596141
BTC_JPY,2020-06-06T00:55:19.333,25230026,1051339.0,1051799.0,0.2410009,0.5261,1935.64595911,1392.72073699,1051443.0,123177.66270591,6090.36095891
BTC_JPY,2020-06-06T00:55:24.463,25230087,1051349.0,1051799.0,0.15,0.5261,1936.40800821,1392.33498699,1051443.0,123176.28219186,6090.36095891
BTC_JPY,2020-06-06T00:55:30.093,25230181,1051359.0,1051800.0,0.15,1.5,1937.49111821,1391.64956699,1051443.0,123147.20245753,6088.24116543
BTC_JPY,2020-06-06T00:55:34,25230235,1051373.0,1051799.0,0.2,0.1,1936.96501821,1391.18062699,1051443.0,123131.52350918,6088.24106742
BTC_JPY,2020-06-06T00:55:39.33,25230421,1052309.0,1052450.0,0.008,0.001,1940.03810688,1382.28327401,1052381.0,123149.40862573,6089.86186742
BTC_JPY,2020-06-06T00:55:44.373,25230606,1052907.0,1053390.0,0.8183,1.0,1939.44472685,1382.41763634,1053206.0,123173.26120192,6089.47021644
BTC_JPY,2020-06-06T00:55:48.61,25230730,1052916.0,1053390.0,0.5183,0.98,1939.50823072,1384.62880634,1053390.0,123183.62114661,6089.49021644
BTC_JPY,2020-06-06T00:55:54.883,25230912,1052251.0,1052891.0,0.051739999999999994,0.1,1934.31462643,1391.29089416,1052300.0,123194.40378768,6091.85776037
BTC_JPY,2020-06-06T00:55:59.69,25231063,1051926.0,1052607.0,2.0,0.5281,1935.79098242,1391.48535211,1052100.0,123205.07708828,6093.16776036
BTC_JPY,2020-06-06T00:56:04.307,25231162,1052125.0,1052612.0,0.1,0.5384,1934.96988332,1393.26952961,1052100.0,123204.98116492,6092.25775897
BTC_JPY,2020-06-06T00:56:09.417,25231270,1052125.0,1052340.0,0.09,0.1,1936.07674242,1394.02352961,1052125.0,123207.34327529,6091.96775884
BTC_JPY,2020-06-06T00:56:14.76,25231314,1052125.0,1052338.0,0.09,0.25,1935.35808644,1393.36512962,1052125.0,123203.4522764,6091.96775884
BTC_JPY,2020-06-06T00:56:19.667,25231399,1051926.0,1052193.0,0.1112,0.04,1931.72264863,1395.06403582,1051926.0,123210.29403037,6093.94655884
BTC_JPY,2020-06-06T00:56:24.663,25231443,1051926.0,1052000.0,0.1112,1.0,1932.57644953,1396.06119582,1052193.0,123196.38450689,6093.85035884
BTC_JPY,2020-06-06T00:56:29.6,25231474,1051731.0,1052000.0,0.0910009,1.0,1932.41401953,1396.14679582,1051926.0,123199.11866656,6093.96155884
BTC_JPY,2020-06-06T00:56:34.437,25231495,1051731.0,1052000.0,0.0910009,1.0,1932.77432753,1395.87789582,1051926.0,123201.08029222,6093.95155884
BTC_JPY,2020-06-06T00:56:39.54,25231530,1051731.0,1051999.0,0.0910009,0.5423,1932.20739534,1395.84679569,1051926.0,123186.38989971,6092.83155884
BTC_JPY,2020-06-06T00:56:44.927,25231563,1051926.0,1051999.0,0.011000000000000001,0.30000013,1932.92663286,1395.14471115,1051926.0,123178.45258714,6092.83155884
BTC_JPY,2020-06-06T00:56:49.267,25231586,1051926.0,1052000.0,0.011000000000000001,1.0,1933.01954286,1395.37671102,1051926.0,123171.99639905,6092.83155884
BTC_JPY,2020-06-06T00:56:53.943,25231624,1051926.0,1051999.0,0.011000000000000001,0.30000013,1935.01052286,1396.77443115,1051926.0,123152.19228543,6091.91663034
BTC_JPY,2020-06-06T00:56:59.923,25231694,1051926.0,1052000.0,0.011000000000000001,0.88,1934.01013432,1393.58433364,1052000.0,123147.50178005,6091.52247893
BTC_JPY,2020-06-06T00:57:03.883,25231753,1051940.0,1052398.0,1.0,0.32,1939.07210484,1394.17923351,1052000.0,123142.17355464,6092.40247893
BTC_JPY,2020-06-06T00:57:09.507,25231876,1052012.0,1052398.0,0.0910009,0.099998,1937.06990425,1395.62277055,1052398.0,123145.02610312,6092.62248093
BTC_JPY,2020-06-06T00:57:14.47,25231956,1051937.0,1052393.0,0.2,0.5187,1936.81579444,1396.02174055,1052398.0,123145.31295645,6092.62248093
BTC_JPY,2020-06-06T00:57:19.07,25232089,1052000.0,1052101.0,0.62278004,0.3,1936.78272398,1398.51484314,1052000.0,123153.51715468,6093.00570179
BTC_JPY,2020-06-06T00:57:24.343,25232212,1051711.0,1051926.0,0.1,0.01,1937.91735394,1398.99000313,1051926.0,123155.55536143,6093.60948183
BTC_JPY,2020-06-06T01:00:08.24,25234921,1050184.0,1050423.0,0.05171,0.6848,1926.65232032,1398.89024222,1050450.0,123142.82024342,6037.92319623
BTC_JPY,2020-06-06T01:00:14.613,25235145,1049710.0,1050416.0,0.1,0.7838,1950.52606368,1398.72424501,1049888.0,123156.8823193,6040.23200548
BTC_JPY,2020-06-06T01:00:19.95,25235344,1049854.0,1050942.0,0.1485,0.4921,1951.13109147,1395.03984501,1050397.0,123182.93122768,6038.91956748
BTC_JPY,2020-06-06T01:00:23.977,25235464,1050374.0,1051314.0,0.521,0.1425,1955.51562134,1396.56482655,1050964.0,123195.52087082,6039.23366748
BTC_JPY,2020-06-06T01:00:29.397,25235628,1050439.0,1051208.0,0.1,0.15,1955.86595135,1398.81752655,1050964.0,123202.42856047,6039.23366748
BTC_JPY,2020-06-06T01:00:34.783,25235835,1050275.0,1051119.0,0.1545,0.521,1954.44039515,1397.60941404,1050964.0,123206.58558481,6039.23366748
BTC_JPY,2020-06-06T01:00:39.437,25235978,1050321.0,1051118.0,0.521,0.2025,1955.92305527,1399.25650448,1050964.0,123212.44770896,6039.23366748
BTC_JPY,2020-06-06T01:00:44.237,25236093,1050964.0,1051104.0,0.02,0.521,1955.23998528,1399.91630461,1050964.0,123229.35154037,6038.37158936
BTC_JPY,2020-06-06T01:00:49.09,25236230,1050964.0,1051092.0,0.006999999999999999,0.15,1954.88621528,1397.97641552,1050964.0,123209.9403049,6037.40158936
BTC_JPY,2020-06-06T01:00:54.9,25236363,1050401.0,1051082.0,0.521,0.2372,1955.07901528,1398.19073552,1050375.0,123212.73468762,6037.23858936
BTC_JPY,2020-06-06T01:00:59.24,25236483,1050502.0,1051094.0,0.1,0.1,1953.69457528,1397.74896552,1050375.0,123219.48997842,6037.23858936
BTC_JPY,2020-06-06T01:01:04.1,25236563,1050503.0,1051056.0,0.1,0.3515,1954.63957528,1397.79736552,1050375.0,123226.0303913,6037.23858936
BTC_JPY,2020-06-06T01:01:10.04,25236699,1050528.0,1051105.0,0.11,0.06331091,1955.10441527,1396.19297348,1050375.0,123233.58213266,6037.23858936
BTC_JPY,2020-06-06T01:01:14.57,25236766,1051071.0,1051374.0,0.1,0.3078,1955.63785879,1397.95658813,1050375.0,123233.66377878,6037.23858936
BTC_JPY,2020-06-06T01:01:19.857,25236807,1051071.0,1051375.0,0.1,0.01,1955.32834879,1395.61778813,1051374.0,123232.20214401,6037.28858936
BTC_JPY,2020-06-06T01:01:24.347,25236892,1051080.0,1051375.0,0.32,0.0042,1956.15775969,1394.98040917,1051375.0,123231.15041744,6037.29139036
BTC_JPY,2020-06-06T01:01:29.92,25236990,1051085.0,1051375.0,0.2,0.0042,1954.54023982,1395.12532917,1051375.0,123230.69011579,6037.29139036
BTC_JPY,2020-06-06T01:01:35.083,25237051,1051086.0,1051375.0,0.521,0.0042,1956.69423982,1396.60223257,1051375.0,123227.12387534,6037.29139036
BTC_JPY,2020-06-06T01:01:39.61,25237168,1051368.0,1051610.0,0.32,0.06418446,1955.51779945,1396.60219343,1051610.0,123230.07835128,6037.3314059
BTC_JPY,2020-06-06T01:01:44.373,25237241,1051090.0,1051619.0,0.32,0.521,1955.64681041,1396.20873615,1051610.0,123236.50082813,6037.3314059
BTC_JPY,2020-06-06T01:01:49.13,25237283,1051071.0,1051619.0,0.1,0.521,1956.93362041,1397.92881615,1051610.0,123235.79467289,6037.3314059
BTC_JPY,2020-06-06T01:01:54.383,25237341,1051071.0,1051617.0,0.1,0.5198,1958.78362041,1396.44985415,1051617.0,123237.09599261,6037.5314058999975
BTC_JPY,2020-06-06T01:01:59.463,25237422,1051071.0,1051698.0,0.1,0.5198,1959.3915204,1396.88778415,1051617.0,123237.41628505,6037.5314058999975
BTC_JPY,2020-06-06T01:02:04.953,25237507,1051071.0,1051686.0,0.1,0.5166,1959.3986704,1396.81507415,1051617.0,123235.25177169,6036.611405899999
BTC_JPY,2020-06-06T01:02:09.663,25237587,1051349.0,1051968.0,0.32,0.1,1962.46017027,1390.33791277,1051617.0,123235.32089915,6036.8692059
BTC_JPY,2020-06-06T01:02:14.197,25237700,1051404.0,1051968.0,0.11,0.1,1962.11396776,1393.9026363,1051617.0,123252.18077992,6036.8692059
BTC_JPY,2020-06-06T01:02:19.053,25237798,1051616.0,1052000.0,0.0095,0.02000003,1961.13196777,1395.77531177,1051968.0,123254.01382674,6036.964705899999
BTC_JPY,2020-06-06T01:02:24.33,25237952,1051770.0,1052400.0,0.3,2.0,1961.99362273,1399.17114124,1052000.0,123260.14466504,6036.98470593
BTC_JPY,2020-06-06T01:05:09.65,25241516,1051986.0,1052767.0,0.5177,0.15,1961.68520018,1400.47618784,1052766.0,123161.66125782,6031.2968038
BTC_JPY,2020-06-06T01:05:14.227,25241608,1052766.0,1052767.0,1.79010752,0.15,1962.57744055,1400.8528476,1052766.0,123164.60138304,6032.50669628
BTC_JPY,2020-06-06T01:05:19.073,25241629,1052766.0,1052767.0,1.7801095,0.15,1963.10340253,1400.9130476,1052766.0,123154.17816049,6032.5166943
BTC_JPY,2020-06-06T01:05:24.11,25241647,1052766.0,1052767.0,1.9801095000000002,0.15,1963.45640253,1400.9542276,1052766.0,123154.93254122,6032.240694300001
BTC_JPY,2020-06-06T01:05:30.113,25241713,1052766.0,1052800.0,1.9801095000000002,0.6586,1962.92394253,1397.7013676,1052800.0,123161.78857415,6034.7920943
BTC_JPY,2020-06-06T01:05:34.053,25241745,1052766.0,1052800.0,1.9801095000000002,0.3566,1962.67594252,1399.2911675999999,1052800.0,123168.33571838,6035.094094300001
BTC_JPY,2020-06-06T01:05:39.59,25241779,1052800.0,1052893.0,0.1434,0.003,1964.39322252,1394.16044607,1052800.0,123160.18434311,6034.450694300002
BTC_JPY,2020-06-06T01:05:44.707,25241849,1052388.0,1052893.0,0.090001,0.003,1962.44086118,1394.65175335,1052388.0,123163.00098229,6036.054202800001
BTC_JPY,2020-06-06T01:05:49.203,25241943,1052204.0,1052893.0,0.090001,0.003,1962.05437695,1395.15907913,1052388.0,123167.85860759999,6036.054202800001
BTC_JPY,2020-06-06T01:05:54.937,25242088,1052766.0,1052877.0,0.21,0.3,1962.67098595,1395.40444913,1052388.0,123161.01039712,6034.9842028
BTC_JPY,2020-06-06T01:05:59.183,25242178,1052388.0,1052893.0,0.070001,0.003,1962.22027695,1394.308449,1052388.0,123157.15394335,6039.1042018
BTC_JPY,2020-06-06T01:06:04.08,25242250,1052390.0,1052893.0,0.1,0.003,1961.54527696,1395.16184913,1052390.0,123155.21148697,6039.1142018
BTC_JPY,2020-06-06T01:06:09.27,25242315,1052390.0,1052949.0,0.5246,0.09300000000000001,1961.14744683,1395.16431913,1052949.0,123152.66229764,6039.1252018
BTC_JPY,2020-06-06T01:06:14.693,25242421,1052388.0,1052947.0,0.070001,0.15,1961.58087796,1395.20224913,1052949.0,123154.40999764,6039.1252018
BTC_JPY,2020-06-06T01:06:19.37,25242542,1052388.0,1052949.0,0.070001,0.09300000000000001,1961.49087696,1395.05224913,1052949.0,123156.97927095,6039.0232018
BTC_JPY,2020-06-06T01:06:24.163,25242671,1052306.0,1052944.0,0.5246,0.05685,1961.50066488,1395.10188705,1052949.0,123161.93817483,6039.0132017999995
BTC_JPY,2020-06-06T01:06:29.83,25242783,1052218.0,1052937.0,0.05293,0.05681,1962.25859488,1395.25184705,1052949.0,123161.58107189999,6039.0132017999995
BTC_JPY,2020-06-06T01:06:34.8,25242885,1052312.0,1052920.0,0.1,0.15,1964.44381389,1396.19403705,1052949.0,123163.59492466,6038.9132018
BTC_JPY,2020-06-06T01:06:39.393,25242980,1052312.0,1052685.0,0.090001,0.3,1961.7665649,1395.94623705,1052312.0,123174.01579766,6038.9232008
BTC_JPY,2020-06-06T01:06:45.003,25243158,1051500.0,1052119.0,0.0040030000000000005,0.31,1957.52495339,1397.89112355,1051500.0,123199.24853731,6042.346198800001
BTC_JPY,2020-06-06T01:06:50.193,25243284,1051441.0,1052100.0,0.314004,0.058089999999999996,1958.98856849,1397.89999765,1051441.0,123201.94368174,6042.3561978
BTC_JPY,2020-06-06T01:06:54.77,25243411,1051452.0,1052123.0,0.21,0.31,1959.90453849,1394.55668631,1051441.0,123194.06949931,6042.3451978
BTC_JPY,2020-06-06T01:06:59.1,25243498,1051812.0,1052206.0,0.21,0.1,1961.14599534,1395.66819752,1051441.0,123192.46891484,6042.3401978
BTC_JPY,2020-06-06T01:07:04.573,25243563,1052035.0,1052206.0,0.12,0.1,1959.50548534,1396.30301752,1052035.0,123186.20357912,6042.5401978
BTC_JPY,2020-06-06T01:07:09.123,25243609,1052035.0,1052206.0,1.0,0.086,1961.69648445,1396.09052752,1052206.0,123188.34900111,6042.0361978
BTC_JPY,2020-06-06T01:07:15.037,25243729,1051627.0,1052010.0,0.53999998,0.05316,1959.8361094999998,1395.8274427000001,1051695.0,123198.98039261,6043.25269779
BTC_JPY,2020-06-06T01:07:19.497,25243819,1051627.0,1051988.0,0.51000298,0.6937,1960.79932273,1399.62589292,1051627.0,123203.51314370001,6043.35269479
BTC_JPY,2020-06-06T01:07:24.547,25243905,1051628.0,1052206.0,0.080001,0.086,1961.36396799,1401.07648631,1051985.0,123204.87146399,6043.66269479
BTC_JPY,2020-06-06T01:10:09.227,25247659,1051716.0,1052475.0,0.1247,0.05359,1962.2902629,1406.39390606,1052449.0,123116.80386778,6034.59174886
BTC_JPY,2020-06-06T01:10:15.04,25247752,1051711.0,1052468.0,0.1258,0.15,1962.1876529,1406.56431606,1052449.0,123113.26616365,6034.59174886
BTC_JPY,2020-06-06T01:10:19.267,25247828,1051727.0,1052458.0,0.1267,0.249,1963.1588229,1406.13291606,1051711.0,123107.75304798,6034.66164487
BTC_JPY,2020-06-06T01:10:24.27,25247951,1051711.0,1052360.0,0.1262,1.0,1963.1629329,1405.65921593,1051711.0,123105.53605377,6034.51164487
BTC_JPY,2020-06-06T01:10:29.983,25248065,1051616.0,1052482.0,0.1321,0.5304,1962.80195277,1405.58861606,1051711.0,123102.26680678,6034.50964487
BTC_JPY,2020-06-06T01:10:34.31,25248139,1051658.0,1052476.0,0.1234,0.05098,1961.9490129,1405.48049606,1051711.0,123099.51587219,6034.50964487
BTC_JPY,2020-06-06T01:10:39.38,25248250,1051666.0,1052461.0,0.16,0.5925555,1961.36089208,1405.44295087,1052461.0,123101.20934512,6033.75357937
BTC_JPY,2020-06-06T01:10:43.937,25248317,1051616.0,1052451.0,0.4216,0.4657,1961.81296221,1405.51009537,1052461.0,123098.95059659,6033.75357937
BTC_JPY,2020-06-06T01:10:49.87,25248407,1052000.0,1052477.0,0.05,0.1,1961.93129221,1405.00056537,1052461.0,123100.92331704,6033.75357937
BTC_JPY,2020-06-06T01:10:54.75,25248450,1052000.0,1052477.0,0.05,0.1,1961.92382221,1405.51576537,1052461.0,123101.19662822,6033.75357937
BTC_JPY,2020-06-06T01:10:59.67,25248521,1052000.0,1052476.0,0.05,0.15,1961.88729221,1405.59619537,1052459.0,123072.54441863,6012.85558922
BTC_JPY,2020-06-06T01:11:04.803,25248646,1052000.0,1052442.0,0.030002,0.1,1962.20211113,1405.72899888,1052000.0,123073.67488148,6012.83357837
BTC_JPY,2020-06-06T01:11:10.037,25248758,1051615.0,1052375.0,1.9,0.5299,1962.43725913,1405.74117518,1051616.0,123073.78834179,6013.12657737
BTC_JPY,2020-06-06T01:11:14.453,25248835,1051616.0,1052411.0,0.4318,0.05483,1962.490909,1405.40190505,1051616.0,123073.45274894,6013.12657737
BTC_JPY,2020-06-06T01:11:19.957,25248947,1051616.0,1052355.0,0.4318,0.15,1962.539209,1406.60300505,1051616.0,123073.66822424,6013.12657737
BTC_JPY,2020-06-06T01:11:24.34,25249045,1051906.0,1052342.0,0.013,0.6299,1960.694609,1407.74457505,1051616.0,123074.13840701,6013.12657737
BTC_JPY,2020-06-06T01:11:29.56,25249153,1051906.0,1052318.0,0.013,0.5299,1960.97460913,1407.73477518,1051616.0,123073.68990701,6013.10907737
BTC_JPY,2020-06-06T01:11:34.893,25249265,1051906.0,1052285.0,0.013,0.1,1960.80579913,1405.92677518,1051616.0,123074.70241034,6012.99771187
BTC_JPY,2020-06-06T01:11:39.827,25249368,1051906.0,1052262.0,0.013,0.15,1961.13286913,1408.12822518,1051616.0,123077.53725699,6012.99771187
BTC_JPY,2020-06-06T01:11:44.157,25249439,1051906.0,1052251.0,0.013,0.1,1961.13878913,1408.05150518,1051616.0,123078.70300816,6012.99771187
BTC_JPY,2020-06-06T01:11:49.063,25249530,1051616.0,1052329.0,0.2753,0.6784,1960.91380913,1409.17990505,1051616.0,123074.48460053,6013.19771187
BTC_JPY,2020-06-06T01:11:55.06,25249668,1051616.0,1052272.0,0.0095,0.05513,1960.71032913,1408.71623518,1051616.0,123049.07835273,5992.87771087
BTC_JPY,2020-06-06T01:11:59.023,25249757,1051616.0,1052249.0,0.0095,0.099,1960.65800913,1407.90347518,1051616.0,123047.69212499,5992.87771087
BTC_JPY,2020-06-06T01:12:04.353,25249970,1050770.0,1050895.0,0.8,0.1,1949.48459316,1410.16737262,1050968.0,123070.69582606,5996.34621087
BTC_JPY,2020-06-06T01:12:09.563,25250070,1050700.0,1051150.0,0.81,0.557,1949.97817369,1407.61521771,1050710.0,123092.55049426,5999.34621087
BTC_JPY,2020-06-06T01:12:14.11,25250169,1050710.0,1051144.0,0.1,0.05792000000000001,1951.77456156,1408.62950754,1050710.0,123095.75068803,5998.83621187
BTC_JPY,2020-06-06T01:12:19.41,25250294,1050771.0,1051421.0,0.5681,0.15,1956.09976155,1405.34679024,1050710.0,123098.1071168,5998.83621187
BTC_JPY,2020-06-06T01:12:24.13,25250385,1050771.0,1051407.0,0.5681,0.05868,1955.14142168,1403.94877011,1050710.0,123098.35253035,5998.83621187
BTC_JPY,2020-06-06T01:15:09.97,25254091,1050677.0,1051505.0,0.1658,0.07955,1957.91565395,1404.28882247,1050625.0,123009.86129988,5995.25989166
BTC_JPY,2020-06-06T01:15:14.393,25254243,1050691.0,1051806.0,0.03,0.052860000000000004,1960.18915395,1399.85140182,1051502.0,123008.29910005,5995.72989166
BTC_JPY,2020-06-06T01:15:19.54,25254329,1051009.0,1051806.0,0.3,0.052860000000000004,1959.80263139,1403.33944992,1050987.0,123014.85097966,5996.02789166
BTC_JPY,2020-06-06T01:15:25.167,25254410,1051516.0,1051806.0,0.3,0.05966000000000001,1946.18563139,1403.16089992,1050987.0,123004.15711888,5993.50549017
BTC_JPY,2020-06-06T01:15:28.293,25254436,1051516.0,1051806.0,0.3,0.05966000000000001,1949.58165139,1403.09399992,1050987.0,122994.69632829,5993.40549017
BTC_JPY,2020-06-06T01:15:34.727,25254475,1051517.0,1051811.0,0.3,0.26999999,1950.40656139,1403.03333992,1050987.0,122987.23726569,5993.40549017
BTC_JPY,2020-06-06T01:15:38.57,25254507,1051517.0,1051775.0,0.3,0.05629,1949.57193139,1404.18642992,1050987.0,122966.29740266,5992.38549004
BTC_JPY,2020-06-06T01:15:44.337,25254546,1051527.0,1051775.0,0.15,0.05629,1949.07193139,1404.18642992,1050987.0,122951.53677089,5991.96549004
BTC_JPY,2020-06-06T01:15:48.53,25254587,1051531.0,1051811.0,0.048,0.26999999,1949.18402139,1402.63743992,1051531.0,122942.28032291,5992.06749004
BTC_JPY,2020-06-06T01:15:54.033,25254647,1051530.0,1051811.0,0.3,0.26999999,1949.2266204,1402.4294287999999,1051531.0,122941.62655983,5992.06749004
BTC_JPY,2020-06-06T01:15:59.63,25254703,1051531.0,1051811.0,0.29,0.26999999,1949.0549204,1402.3909588,1051531.0,122929.94197365,5991.02749004
BTC_JPY,2020-06-06T01:16:03.6,25254726,1051531.0,1051811.0,0.29,0.26999999,1949.2661403999998,1402.41367894,1051531.0,122916.05985325,5990.99549004
BTC_JPY,2020-06-06T01:16:08.903,25254800,1051534.0,1051960.0,0.15,0.05212000000000002,1950.1545004,1398.75911183,1051531.0,122911.63668277,5989.95498599
BTC_JPY,2020-06-06T01:16:14.483,25254901,1051558.0,1051968.0,0.5373,0.1,1951.4428804000001,1401.30557881,1051531.0,122913.14597495,5989.95498599
BTC_JPY,2020-06-06T01:16:19.537,25254995,1051571.0,1051968.0,0.3,0.09000001,1962.54782329,1402.27455882,1051968.0,122913.55324698,5989.96498598
BTC_JPY,2020-06-06T01:16:24.8,25255109,1051583.0,1052065.0,0.3,0.05536,1962.09874491,1400.22727345,1051968.0,122914.27887681,5989.96498598
BTC_JPY,2020-06-06T01:16:30.03,25255179,1051595.0,1052065.0,0.15,0.05536,1960.86013491,1400.54667345,1051968.0,122913.66369729,5989.86498598
BTC_JPY,2020-06-06T01:16:34.31,25255272,1051605.0,1052068.0,0.3,0.1,1963.00013491,1400.49221345,1051968.0,122911.79311073,5989.86498598
BTC_JPY,2020-06-06T01:16:39.333,25255347,1051615.0,1052063.0,0.15,0.053029999999999994,1960.66053491,1400.70924345,1051968.0,122909.54686528,5989.86498598
BTC_JPY,2020-06-06T01:16:44.3,25255398,1051623.0,1052063.0,0.15,0.053029999999999994,1962.34813491,1401.80924345,1051968.0,122907.25063873,5989.84707698
BTC_JPY,2020-06-06T01:16:49.943,25255478,1051633.0,1052063.0,0.15,0.053029999999999994,1962.79973491,1402.80924345,1051968.0,122907.45906989998,5989.67707698
BTC_JPY,2020-06-06T01:16:54.49,25255566,1051642.0,1052068.0,0.6873,0.1,1962.60426491,1401.87338183,1051639.0,122906.54351186,5989.71707698
BTC_JPY,2020-06-06T01:16:59.17,25255650,1051654.0,1052068.0,0.15,0.1,1962.06708936,1402.27484803,1051639.0,122901.40790506,5989.71707698
BTC_JPY,2020-06-06T01:17:04.43,25255745,1051667.0,1052068.0,0.5373,0.1,1962.64371949,1402.05693803,1051639.0,122897.97489799,5989.66707698
BTC_JPY,2020-06-06T01:17:09.22,25255826,1051677.0,1052068.0,0.9859,0.1,1962.79231949,1401.95182803,1051669.0,122894.09772996,5989.86707698
BTC_JPY,2020-06-06T01:17:14.7,25255922,1051690.0,1052068.0,0.15,0.1,1962.65231949,1401.68008804,1051669.0,122879.30985166,5988.83707698
BTC_JPY,2020-06-06T01:17:19.113,25255991,1051694.0,1052068.0,0.3,0.1,1962.68950949,1401.85203803,1052068.0,122873.42506709,5988.93707698
BTC_JPY,2020-06-06T01:17:24.023,25256028,1051694.0,1052185.0,0.29,0.05927,1962.77150949,1402.55730803,1051694.0,122866.03220148,5988.89707898
BTC_JPY,2020-06-06T01:20:09.13,25258685,1051633.0,1052148.0,1.0644,0.26999999,1961.67321491,1402.61445182,1051968.0,122846.58013087,5992.47631817
BTC_JPY,2020-06-06T01:20:12.827,25258803,1051974.0,1052219.0,0.05554,0.25230974,1960.93100591,1403.5967232,1052219.0,122853.89509136,5993.71631841
BTC_JPY,2020-06-06T01:20:19.403,25258894,1052255.0,1052500.0,0.09,0.95899,1962.5182309,1400.28416833,1052255.0,122864.74913532,5993.97862815
BTC_JPY,2020-06-06T01:20:24.653,25259021,1052293.0,1052699.0,0.5054,0.2,1961.94756428,1402.65017687,1052500.0,122873.26322601,5994.93761815
BTC_JPY,2020-06-06T01:20:30.127,25259145,1052255.0,1052698.0,0.09,0.08155,1961.50830448,1401.94838627,1052500.0,122861.9004896,5993.48582704
BTC_JPY,2020-06-06T01:20:33.763,25259215,1052258.0,1052698.0,0.3,0.08155,1961.26116461,1401.90506627,1052500.0,122858.66344027,5993.48582704
BTC_JPY,2020-06-06T01:20:39.707,25259289,1052500.0,1052698.0,0.2,0.08155,1962.91584361,1402.66147827,1052500.0,122857.53790875,5993.46582704
BTC_JPY,2020-06-06T01:20:44.643,25259319,1052500.0,1052698.0,0.24,0.08155,1962.89684361,1401.95662827,1052500.0,122856.61030955,5993.46582704
BTC_JPY,2020-06-06T01:20:48.883,25259341,1052500.0,1052698.0,0.14,0.08155,1962.80501361,1402.87666827,1052500.0,122858.47778016,5993.56582704
BTC_JPY,2020-06-06T01:20:54.29,25259403,1052500.0,1052699.0,0.69,0.2,1962.56381361,1400.23877138,1052500.0,122859.57511659,5994.67582704
BTC_JPY,2020-06-06T01:20:59.437,25259514,1052512.0,1052800.0,0.3519,0.2,1961.07567361,1401.08919171,1052512.0,122866.85084822,5995.49582704
BTC_JPY,2020-06-06T01:21:04.567,25259584,1052508.0,1052800.0,0.15,0.2,1961.27589361,1402.95459171,1052507.0,122867.37384298,5995.69582704
BTC_JPY,2020-06-06T01:21:10.16,25259670,1052502.0,1052800.0,0.2379,0.2,1961.20621362,1401.41863171,1052501.0,122865.93583774,5995.89582704
BTC_JPY,2020-06-06T01:21:13.603,25259710,1052502.0,1052800.0,0.4867,0.2,1961.86056361,1401.53197171,1052510.0,122869.55518468,5995.14582704
BTC_JPY,2020-06-06T01:21:19.977,25259779,1052512.0,1052888.0,0.483,0.5,1963.34135348,1401.78361218,1052800.0,122875.25498415,5995.43582305
BTC_JPY,2020-06-06T01:21:24.73,25259870,1052552.0,1052888.0,0.14,0.5,1963.67870361,1403.23741231,1052512.0,122882.67791483,5995.53582305
BTC_JPY,2020-06-06T01:21:29.657,25259912,1052564.0,1052888.0,0.14,0.5,1963.90811361,1403.29457231,1052512.0,122885.93816483,5995.52582305
BTC_JPY,2020-06-06T01:21:34.52,25260014,1052601.0,1052888.0,0.05592,0.483649,1964.10562907,1399.42554098,1052888.0,122891.25751094,5995.50517405
BTC_JPY,2020-06-06T01:21:39.087,25260128,1053000.0,1053080.0,0.98800026,0.2,1962.87416292,1401.71815148,1053000.0,122907.37028518,5994.89382305
BTC_JPY,2020-06-06T01:21:44.26,25260196,1053000.0,1053163.0,0.97800126,0.1,1964.43895404,1401.79672148,1053094.0,122923.45347645,5995.30482205
BTC_JPY,2020-06-06T01:21:49.08,25260285,1053094.0,1053290.0,0.3,0.003,1964.07359328,1401.93866174,1053163.0,122918.31095572,5995.30482205
BTC_JPY,2020-06-06T01:21:54.557,25260390,1052933.0,1053297.0,0.4705,0.002,1963.9943634,1401.74219594,1052897.0,122905.67912563,5996.19782205
BTC_JPY,2020-06-06T01:21:59.597,25260486,1052935.0,1053297.0,0.4652,0.002,1964.85363409,1403.43071344,1052922.0,122914.74198662,5996.39782205
BTC_JPY,2020-06-06T01:22:04.44,25260596,1052897.0,1053297.0,0.5,0.002,1964.79228409,1402.44752331,1052922.0,122915.10301886,5996.39782205
BTC_JPY,2020-06-06T01:22:09.713,25260690,1052897.0,1053332.0,0.5,0.08155,1965.16338409,1402.89802344,1053297.0,122921.05092426,5996.41682205
BTC_JPY,2020-06-06T01:22:14.917,25260804,1052897.0,1053331.0,0.5,0.12,1964.92151245,1404.23341284,1053297.0,122920.06834645,5996.41682205
BTC_JPY,2020-06-06T01:22:19.183,25260916,1052528.0,1053131.0,0.05053,0.1,1963.82699354,1404.50106393,1052897.0,122940.63312167,5996.91682205
BTC_JPY,2020-06-06T01:22:24.78,25261020,1052523.0,1053108.0,0.1,0.1,1963.90646354,1405.55623393,1052897.0,122943.37760245,5996.91682205
BTC_JPY,2020-06-06T01:25:09.037,25264555,1051608.0,1052440.0,0.4994,0.4921,1956.26789312,1406.70245302,1052261.0,123160.4638063,6005.85115362
BTC_JPY,2020-06-06T01:25:14.1,25264666,1051614.0,1052424.0,0.4994,0.1,1957.25389312,1406.73835302,1052261.0,123166.85144438,6005.85115362
BTC_JPY,2020-06-06T01:25:19.377,25264814,1052261.0,1052820.0,0.01,0.3,1959.48591682,1402.36389918,1052448.0,123159.20482643,6006.25115262
BTC_JPY,2020-06-06T01:25:24.16,25264897,1052261.0,1052809.0,0.013000000000000001,0.053860000000000005,1959.63168695,1405.39052838,1052443.0,123164.7723688,6006.25115262
BTC_JPY,2020-06-06T01:25:30.053,25264990,1052261.0,1052820.0,0.013000000000000001,1.0,1959.37767682,1406.3097284000007,1052443.0,123175.66635276,6005.47813073
BTC_JPY,2020-06-06T01:25:34.747,25265094,1052262.0,1053156.0,0.15,0.11,1956.60242871,1404.94882016,1052443.0,123157.84775209,6005.47813073
BTC_JPY,2020-06-06T01:25:39.23,25265200,1052443.0,1053141.0,0.01,0.29,1957.06962884,1406.11917029,1052443.0,123159.61957105,6005.47813073
BTC_JPY,2020-06-06T01:25:45.037,25265339,1052443.0,1052814.0,0.01,0.0588,1958.85113884,1405.91677029,1052443.0,123161.74313404,6005.47813073
BTC_JPY,2020-06-06T01:25:49.207,25265422,1052443.0,1053001.0,0.01,0.32,1958.72373884,1402.94002799,1052443.0,123160.92992560001,6005.47813073
BTC_JPY,2020-06-06T01:25:55.093,25265532,1052443.0,1052995.0,0.01,0.05764,1958.68973884,1403.94736349,1052443.0,123164.83518894,6005.47813073
BTC_JPY,2020-06-06T01:25:59.017,25265596,1052443.0,1052995.0,0.01,0.05764,1958.25973884,1404.77966349,1052443.0,123165.32902654,6005.47813073
BTC_JPY,2020-06-06T01:26:04.897,25265722,1052261.0,1053037.0,0.013000000000000001,1.5614225,1957.71811884,1405.47245049,1052443.0,123168.06465194,6005.49663073
BTC_JPY,2020-06-06T01:26:09.9,25265846,1052261.0,1052850.0,0.013000000000000001,0.05982000000000001,1959.05298884,1406.59629599,1052443.0,123169.17447698,6005.49663073
BTC_JPY,2020-06-06T01:26:13.7,25265908,1052261.0,1052850.0,0.013000000000000001,0.053239999999999996,1958.81890884,1406.58971599,1052443.0,123170.45670149,6005.49663073
BTC_JPY,2020-06-06T01:26:19.14,25265993,1052444.0,1052850.0,0.1,0.053239999999999996,1960.38390884,1405.01961599,1052443.0,123169.73051799,6005.48661073
BTC_JPY,2020-06-06T01:26:24.377,25266022,1052445.0,1052850.0,0.1,0.053239999999999996,1958.51428884,1400.74461599,1052444.0,123172.03241799,6005.68661073
BTC_JPY,2020-06-06T01:26:29.38,25266080,1052443.0,1052838.0,2.01,0.15,1957.80658834,1402.70638381,1052444.0,123177.13860067,6005.67663073
BTC_JPY,2020-06-06T01:26:34.667,25266171,1052443.0,1052815.0,0.01,0.15,1956.56880846,1397.26830498,1052444.0,123182.95196123,6005.67663073
BTC_JPY,2020-06-06T01:26:38.913,25266241,1052443.0,1052794.0,0.01,0.051789999999999996,1956.84960846,1398.26929511,1052444.0,123182.34293392,6005.67663073
BTC_JPY,2020-06-06T01:26:44.077,25266324,1052261.0,1052703.0,0.013000000000000001,0.1,1953.49960846,1398.84770511,1052443.0,123191.31866145,6005.68663073
BTC_JPY,2020-06-06T01:26:50.04,25266395,1052261.0,1052685.0,0.013000000000000001,0.1,1955.99565846,1399.51800511,1052443.0,123191.31816281,6005.68663073
BTC_JPY,2020-06-06T01:26:54.933,25266464,1052261.0,1052704.0,0.013000000000000001,0.3,1955.08086846,1400.25110511,1052443.0,123163.17588397,6004.17463073
BTC_JPY,2020-06-06T01:26:59.833,25266551,1052261.0,1052696.0,0.013000000000000001,0.1,1955.06203846,1400.35430511,1052443.0,123149.68167467,6004.17463073
BTC_JPY,2020-06-06T01:27:03.933,25266610,1052261.0,1052681.0,0.013000000000000001,0.1648,1952.50948846,1400.25490511,1052443.0,123136.41832889,6003.86463073
BTC_JPY,2020-06-06T01:27:10.08,25266701,1052261.0,1052703.0,0.013000000000000001,0.1636,1955.47015846,1401.30289511,1052443.0,123128.77336376,6003.86463073
BTC_JPY,2020-06-06T01:27:14.65,25266799,1052261.0,1052753.0,0.013000000000000001,0.4858,1955.10568846,1401.55310511,1052443.0,123135.94776376,6003.86463073
BTC_JPY,2020-06-06T01:27:19.75,25266877,1052261.0,1052760.0,0.013000000000000001,0.25,1955.31568846,1401.06730511,1052443.0,123137.85056451,6003.86463073
BTC_JPY,2020-06-06T01:27:24.95,25266981,1051918.0,1052736.0,0.4858,0.3153,1955.84152846,1403.40521341,1051920.0,123135.93614422,6003.97993073
BTC_JPY,2020-06-06T01:30:09.443,25269151,1052000.0,1052226.0,0.09893,1.5080565,1961.81635138,1396.26478702,1052000.0,123126.87116635,5997.20835973
BTC_JPY,2020-06-06T01:30:14.447,25269179,1051990.0,1052221.0,1.0,0.053020000000000005,1961.38589696,1396.31780702,1052000.0,123130.06411056,5997.10728973
BTC_JPY,2020-06-06T01:30:19.493,25269301,1051739.0,1051969.0,3.7965191,0.4834,1960.07110698,1399.81844712,1051739.0,123132.94685196,5997.96077063
BTC_JPY,2020-06-06T01:30:24.203,25269379,1051739.0,1051968.0,2.02167429,0.15,1958.81426217,1398.42354712,1051739.0,123143.66369123,5999.01828144
BTC_JPY,2020-06-06T01:30:29.68,25269441,1051739.0,1051957.0,2.01967429,0.3,1958.81232957,1398.58041452,1051739.0,123149.8761596,5998.62028144
BTC_JPY,2020-06-06T01:30:34.7,25269478,1051739.0,1051956.0,2.01967429,0.019,1958.95048957,1397.79350452,1051956.0,123155.01497854,5999.12028144
BTC_JPY,2020-06-06T01:30:39.59,25269550,1051739.0,1051970.0,2.30967529,0.30000013,1957.93273057,1396.86557452,1051739.0,123160.91432196,5998.63028044
BTC_JPY,2020-06-06T01:30:43.823,25269571,1051750.0,1051956.0,0.03,0.9996,1959.42402057,1397.10930452,1051739.0,123166.29354326,5998.13028044
BTC_JPY,2020-06-06T01:30:49.217,25269590,1051750.0,1051955.0,0.03,0.3,1959.43002057,1397.34770452,1051739.0,123168.31569019,5997.63028044
BTC_JPY,2020-06-06T01:30:54.927,25269615,1051750.0,1051954.0,0.02,0.15,1959.03563057,1398.28848452,1051750.0,123167.80674535,5997.13028044
BTC_JPY,2020-06-06T01:30:58.32,25269632,1051800.0,1051955.0,0.430007,0.3,1960.34295757,1399.96615452,1051800.0,123167.90808376,5996.70027344
BTC_JPY,2020-06-06T01:31:04.683,25269648,1051800.0,1051955.0,0.415007,0.3,1962.84795757,1399.97324452,1051800.0,123172.08885489,5996.70827344
BTC_JPY,2020-06-06T01:31:09.53,25269683,1051800.0,1051952.0,0.215007,1.1614876,1961.85809757,1399.24368202,1051800.0,123171.62942588,5996.90827344
BTC_JPY,2020-06-06T01:31:14.843,25269710,1051800.0,1051952.0,0.515007,1.4698174,1962.17634757,1399.52865182,1051800.0,123170.7037744,5996.90827344
BTC_JPY,2020-06-06T01:31:19.527,25269745,1051800.0,1051946.0,0.215007,0.15,1961.65183757,1399.19463602,1051800.0,123171.20642077,5997.09627344
BTC_JPY,2020-06-06T01:31:23.45,25269769,1051800.0,1051944.0,0.215007,1.5724601,1961.70815757,1395.56389612,1051800.0,123157.86046583,5996.56627344
BTC_JPY,2020-06-06T01:31:28.603,25269787,1051800.0,1051944.0,0.215007,1.5724601,1961.70815757,1395.58289612,1051800.0,123155.77195656,5996.46627344
BTC_JPY,2020-06-06T01:31:34.38,25269812,1051800.0,1051944.0,0.24005,1.5724601,1962.28320044,1397.63219599,1051800.0,123155.978859,5996.46627344
BTC_JPY,2020-06-06T01:31:39.683,25269842,1051800.0,1051941.0,0.24005,1.2963949,1962.52688057,1396.65823092,1051800.0,123154.70057071,5996.46627344
BTC_JPY,2020-06-06T01:31:44.85,25269863,1051800.0,1051947.0,0.24005,0.05,1962.58197057,1396.84790612,1051800.0,123152.91167451,5996.46627344
BTC_JPY,2020-06-06T01:31:48.923,25269887,1051800.0,1051947.0,0.24005,0.6073350000000001,1962.20438057,1394.18175942,1051800.0,123150.69253277,5996.21727344
BTC_JPY,2020-06-06T01:31:53.56,25269912,1051739.0,1051947.0,1.6978656000000003,0.557335,1962.18932088,1394.15175942,1051739.0,123152.66096861,5996.71233313
BTC_JPY,2020-06-06T01:31:59.083,25269934,1051739.0,1051947.0,1.6978656000000003,0.557335,1960.33932088,1395.35175942,1051739.0,123154.95180889,5996.71233313
BTC_JPY,2020-06-06T01:32:03.383,25269965,1051739.0,1051946.0,1.6978656000000003,0.30000013,1960.50636088,1396.37808702,1051739.0,123153.69342357,5996.71233313
BTC_JPY,2020-06-06T01:32:09,25270006,1051225.0,1051943.0,0.26999999,0.4858,1958.49215527,1395.40812702,1051500.0,123154.64480322,5999.71233313
BTC_JPY,2020-06-06T01:32:13.54,25270080,1051750.0,1051946.0,2.0,0.19000013,1959.73029527,1395.88008702,1051946.0,123155.20252416,5999.81233313
BTC_JPY,2020-06-06T01:32:19.697,25270113,1051750.0,1051943.0,2.0,0.646353,1959.72029527,1396.82227742,1051946.0,123155.22288469,5999.81233313
BTC_JPY,2020-06-06T01:32:24.403,25270234,1051285.0,1051936.0,0.15,0.5915,1959.64215527,1398.65128522,1051750.0,123158.74331239998,6001.99233313
BTC_JPY,2020-06-06T01:35:08.937,25271943,1051163.0,1051392.0,0.1,0.9996,1960.56580825,1404.1384131,1051388.0,123147.56540803,6001.98027268
BTC_JPY,2020-06-06T01:35:15,25271973,1051163.0,1051392.0,0.1,0.7996,1960.80902825,1403.9436131,1051392.0,123130.05378331,6002.18027268
BTC_JPY,2020-06-06T01:35:19.15,25271994,1051163.0,1051392.0,0.1,0.7996,1961.03944812,1403.9405130999999,1051392.0,123127.54084795,6002.18027268
BTC_JPY,2020-06-06T01:35:24.303,25272018,1051163.0,1051392.0,0.1,0.7996,1961.02940825,1403.6205131,1051392.0,123129.87584795,6002.18027268
BTC_JPY,2020-06-06T01:35:29.023,25272048,1051163.0,1051392.0,0.1,0.7996,1961.32940825,1403.8904431,1051392.0,123129.04584795,6002.18027268
BTC_JPY,2020-06-06T01:35:34.68,25272066,1051163.0,1051392.0,0.1,0.7996,1961.35940825,1403.9348031,1051392.0,123129.58755797,6002.18027268
BTC_JPY,2020-06-06T01:35:39.287,25272123,1051164.0,1051392.0,0.03,0.7996,1960.44617673,1403.97552158,1051392.0,123135.82476547,6002.18027268
BTC_JPY,2020-06-06T01:35:44.547,25272174,1051178.0,1051392.0,0.15,0.7996,1961.78617674,1403.91422158,1051392.0,123143.74887894,6002.18027268
BTC_JPY,2020-06-06T01:35:48.247,25272203,1051168.0,1051392.0,0.3,0.7996,1961.22417674,1403.91643158,1051392.0,123144.92003894,6002.18027268
BTC_JPY,2020-06-06T01:35:55.197,25272229,1051165.0,1051392.0,0.15,0.7996,1961.07417674,1403.60643158,1051392.0,123144.58063894,6002.18027268
BTC_JPY,2020-06-06T01:35:58.717,25272254,1051167.0,1051392.0,0.3,0.6396,1961.26417674,1403.94854158,1051392.0,123143.56432065,6002.34027268
BTC_JPY,2020-06-06T01:36:04.563,25272271,1051167.0,1051392.0,0.3,0.6396,1962.52417674,1403.94854158,1051392.0,123143.23778875,6002.34027268
BTC_JPY,2020-06-06T01:36:09.503,25272305,1051172.0,1051392.0,0.15,0.6396,1962.49417674,1403.94354158,1051392.0,123140.69958875,6002.34027268
BTC_JPY,2020-06-06T01:36:14.803,25272343,1051183.0,1051392.0,0.15,0.6396,1963.38417674,1403.94354158,1051392.0,123140.49958875,6002.34027268
BTC_JPY,2020-06-06T01:36:19.633,25272370,1051189.0,1051392.0,0.3,0.6396,1963.52417674,1403.94354158,1051392.0,123143.10463135,6002.34027268
BTC_JPY,2020-06-06T01:36:24.4,25272391,1051189.0,1051392.0,0.3,0.6396,1963.02710674,1403.62944158,1051392.0,123145.22914217,6002.34027268
BTC_JPY,2020-06-06T01:36:29.06,25272420,1051189.0,1051392.0,0.3,0.6396,1963.40569674,1403.94944158,1051392.0,123135.59519418,6002.33869268
BTC_JPY,2020-06-06T01:36:32.31,25272439,1051191.0,1051392.0,0.3,0.6296,1963.40569674,1403.93910158,1051392.0,123126.86232216,6002.17869268
BTC_JPY,2020-06-06T01:36:39.16,25272454,1051191.0,1051392.0,0.3,0.6296,1963.37569674,1403.63910145,1051392.0,123123.29467012,6002.15769268
BTC_JPY,2020-06-06T01:36:45.573,25272490,1051194.0,1051392.0,0.15,0.02959974,1961.95842674,1403.23910132,1051392.0,123122.34899031,6002.74019294
BTC_JPY,2020-06-06T01:36:48.967,25272512,1051192.0,1051392.0,0.30000013,0.02959974,1962.67842674,1403.33910132,1051392.0,123121.44599691,6002.74019294
BTC_JPY,2020-06-06T01:36:54.63,25272542,1051163.0,1051392.0,0.1,0.02959974,1962.96868673,1403.08274119,1051392.0,123119.75466828,6002.66119294
BTC_JPY,2020-06-06T01:36:59.207,25272578,1051168.0,1051392.0,0.3,0.02959974,1963.26868673,1403.43753132,1051392.0,123125.11272445,6002.66119294
BTC_JPY,2020-06-06T01:37:05.17,25272709,1051163.0,1051392.0,0.1,0.02959974,1960.82542774,1403.68018132,1051392.0,123136.36748605,6002.66119294
BTC_JPY,2020-06-06T01:37:09.663,25272743,1051163.0,1051392.0,0.1,0.02959974,1960.73542761,1403.69568132,1051392.0,123136.98302631,6002.66119294
BTC_JPY,2020-06-06T01:37:14.03,25272776,1051163.0,1051392.0,0.1,0.02959974,1961.86218774,1403.67414132,1051392.0,123136.68221593,6002.43119294
BTC_JPY,2020-06-06T01:37:19.883,25272811,1051163.0,1051487.0,0.1,0.79420013,1961.86118774,1403.9009865,1051392.0,123149.29003730002,6002.53119294
BTC_JPY,2020-06-06T01:37:24.713,25272869,1051163.0,1051452.0,0.02124945,0.4879,1961.49239619,1403.6391865,1051163.0,123149.78407792,6002.68994349
BTC_JPY,2020-06-06T01:40:09.05,25275579,1051000.0,1051498.0,0.0343,0.4826,1963.32564354,1402.44499492,1051487.0,123109.52222297,5999.4555252
BTC_JPY,2020-06-06T01:40:14.53,25275654,1051000.0,1051435.0,0.0343,0.1,1963.44046354,1402.00899492,1051487.0,123110.01769949,5999.4455252
BTC_JPY,2020-06-06T01:40:19.337,25275691,1051000.0,1051417.0,0.0343,0.05807,1963.64046355,1402.19846492,1051487.0,123107.93231023,5999.4455252
BTC_JPY,2020-06-06T01:40:24.72,25275736,1051000.0,1051493.0,0.0343,0.4826,1962.85046355,1402.16104492,1051487.0,123102.92607386,5999.1980251999985
BTC_JPY,2020-06-06T01:40:28.607,25275774,1051000.0,1051499.0,0.0843,0.4651,1966.09866354,1402.40549492,1051499.0,123100.07357386,5999.2255252
BTC_JPY,2020-06-06T01:40:34.643,25275811,1051000.0,1051487.0,0.0843,0.05771,1965.40318354,1402.89370492,1051499.0,123099.90357386,5999.2255252
BTC_JPY,2020-06-06T01:40:39.987,25275850,1051000.0,1051494.0,0.0843,0.05055,1966.33518354,1402.80474492,1051499.0,123098.64790382,5999.2255252
BTC_JPY,2020-06-06T01:40:44.363,25275905,1051000.0,1051499.0,0.0843,0.4818,1966.42028354,1402.75019492,1051493.0,123096.24520391,5999.4255251999975
BTC_JPY,2020-06-06T01:40:49.683,25275986,1051000.0,1051499.0,0.0843,0.4818,1966.31908354,1402.80661492,1051493.0,123095.85569012,5999.2155251999975
BTC_JPY,2020-06-06T01:40:54.927,25276060,1051000.0,1051499.0,0.0843,0.4818,1966.42928354,1402.80769492,1051493.0,123095.56609012,5999.2155251999975
BTC_JPY,2020-06-06T01:40:59.277,25276132,1051000.0,1051490.0,0.0843,0.05308,1965.42918354,1402.31977492,1051493.0,123091.2485583,5998.8955252
BTC_JPY,2020-06-06T01:41:04.197,25276228,1051000.0,1051461.0,0.0843,0.05124,1965.35093354,1402.01893492,1051493.0,123091.1939118,5998.8955252
BTC_JPY,2020-06-06T01:41:09.657,25276343,1051000.0,1051488.0,0.0843,0.1,1965.07323341,1402.40831492,1051493.0,123082.00958983,5998.8955252
BTC_JPY,2020-06-06T01:41:13.993,25276418,1051000.0,1051447.0,0.051,0.4818,1964.75671354,1403.14999492,1051493.0,123080.76962247,5998.8955252
BTC_JPY,2020-06-06T01:41:18.553,25276456,1051000.0,1051429.0,0.051,0.4818,1965.01991354,1402.85099492,1051493.0,123078.34297026,5998.59552507
BTC_JPY,2020-06-06T01:41:24.03,25276503,1051000.0,1051488.0,0.051,0.4818,1965.32991354,1402.84999492,1051392.0,123074.81118424,5997.60552507
BTC_JPY,2020-06-06T01:41:29.31,25276529,1051000.0,1051458.0,0.051,0.4818,1966.07991355,1403.08122492,1051488.0,123073.62851755,5997.63880507
BTC_JPY,2020-06-06T01:41:34.087,25276570,1051000.0,1051532.0,0.051,0.279,1965.33923354,1401.10459492,1051532.0,123070.62039276,5997.79880507
BTC_JPY,2020-06-06T01:41:39.487,25276720,1051557.0,1051970.0,0.3113,0.0021561,1968.00651725,1396.59419697,1051970.0,123086.33963178,5998.99425897
BTC_JPY,2020-06-06T01:41:44.633,25276917,1051822.0,1052340.0,0.5829,1.81763026,1968.78487796,1398.47125856,1052340.0,123099.47210548,5999.47538481
BTC_JPY,2020-06-06T01:41:49.917,25277038,1051575.0,1052279.0,0.14,0.4829,1968.57821137,1399.86068211,1052340.0,123106.95728372,5998.27538481
BTC_JPY,2020-06-06T01:41:53.843,25277138,1051498.0,1052246.0,0.05692000000000001,0.1,1967.17513137,1400.62396011,1052340.0,123115.11310708,5998.27538481
BTC_JPY,2020-06-06T01:41:59.267,25277247,1051498.0,1052198.0,0.05692000000000001,0.1,1967.85513137,1399.6089117,1052340.0,123116.32003353,5997.27538481
BTC_JPY,2020-06-06T01:42:04.547,25277342,1051498.0,1052154.0,0.05692000000000001,0.4829,1967.85713137,1399.1780717,1052340.0,123114.97394113,5997.27538481
BTC_JPY,2020-06-06T01:42:09.833,25277407,1051498.0,1052199.0,0.05692000000000001,0.4829,1967.85713137,1399.80008255,1052154.0,123103.69971871,5996.27438481
BTC_JPY,2020-06-06T01:42:14.983,25277473,1051506.0,1052223.0,0.3797,0.6273,1968.36991136,1399.77966255,1052154.0,123098.8939151,5995.47438481
BTC_JPY,2020-06-06T01:42:19.447,25277613,1051977.0,1052357.0,0.05986,0.49,1969.45614172,1395.88845292,1052154.0,123110.61280474,5995.47438481
BTC_JPY,2020-06-06T01:42:24.117,25277750,1052214.0,1052499.0,0.15,0.01,1969.57178171,1397.34445279,1052400.0,123108.50808013,5996.09438481
BTC_JPY,2020-06-06T01:45:09.737,25281390,1052419.0,1052999.0,0.1461,0.336,1969.30951721,1392.74969069,1053000.0,122858.22341129999,5908.47143665
BTC_JPY,2020-06-06T01:45:14.97,25281505,1052471.0,1052999.0,0.46,0.3505,1970.04429721,1392.82367069,1053000.0,122861.10941129999,5908.47143665
BTC_JPY,2020-06-06T01:45:19.31,25281598,1052475.0,1052999.0,0.4594,0.2069,1969.55796721,1393.68007069,1052999.0,122860.12220627,5908.67143665
BTC_JPY,2020-06-06T01:45:24.763,25281689,1052491.0,1052999.0,0.15,0.2069,1969.38240721,1393.73797069,1052999.0,122833.79756799,5908.18203665
BTC_JPY,2020-06-06T01:45:29.54,25281828,1052003.0,1052751.0,0.1,0.05586,1968.36966423,1394.82151571,1052000.0,122840.34186414,5908.76596943
BTC_JPY,2020-06-06T01:45:34.577,25281906,1051890.0,1052755.0,0.2,0.1,1967.60439224,1394.33525571,1052000.0,122839.65267016,5912.60896943
BTC_JPY,2020-06-06T01:45:39.83,25281962,1051890.0,1052746.0,0.2,0.1,1967.27439224,1394.52885571,1052000.0,122835.23309027,5912.09996943
BTC_JPY,2020-06-06T01:45:44.983,25282070,1051888.0,1052475.0,0.005,0.4635,1966.20104003,1396.6767335000006,1052000.0,122826.86005705,5911.09996943
BTC_JPY,2020-06-06T01:45:49.737,25282144,1051888.0,1052482.0,0.005,0.057,1965.44548989,1394.63367387,1052000.0,122825.54490125,5910.09996943
BTC_JPY,2020-06-06T01:45:54.69,25282245,1051923.0,1052734.0,0.055510000000000004,0.057,1966.40585003,1395.3585335,1052000.0,122829.23762193,5909.04996943
BTC_JPY,2020-06-06T01:45:59.997,25282331,1051958.0,1052732.0,0.1,0.157,1966.26956002,1395.4684734999994,1051958.0,122823.78180389,5908.987414
BTC_JPY,2020-06-06T01:46:04.537,25282368,1051961.0,1052732.0,0.15,0.157,1966.73191003,1396.57136337,1051958.0,122797.96520133,5907.10375652
BTC_JPY,2020-06-06T01:46:09.863,25282391,1051963.0,1052727.0,0.15,0.054770000000000006,1966.72822003,1396.7727035,1051958.0,122779.03359704,5906.92925652
BTC_JPY,2020-06-06T01:46:14.147,25282421,1051888.0,1052725.0,0.005,0.15,1965.2284304000002,1396.481724,1051958.0,122770.60481876,5906.92925652
BTC_JPY,2020-06-06T01:46:19.593,25282503,1051888.0,1052515.0,0.005,0.05018,1967.32406593,1396.4162294000002,1051958.0,122760.3277747,5906.92925652
BTC_JPY,2020-06-06T01:46:22.78,25282516,1051888.0,1052515.0,0.005,0.05018,1967.32406593,1396.6392294000002,1051958.0,122755.57765655,5906.92925652
BTC_JPY,2020-06-06T01:46:28.923,25282529,1051888.0,1052515.0,0.005,0.05018,1967.32406593,1396.6829294000001,1051958.0,122748.85824956,5906.38925652
BTC_JPY,2020-06-06T01:46:34.48,25282546,1051888.0,1051958.0,0.005,1.0,1965.22565593,1396.8692494000006,1051958.0,122737.1966186,5906.38925652
BTC_JPY,2020-06-06T01:46:39.607,25282606,1051501.0,1051956.0,0.1,0.4619,1963.30915593,1398.488104,1051888.0,122742.07849407,5906.34885652
BTC_JPY,2020-06-06T01:46:44.183,25282650,1051500.0,1051955.0,0.01,0.1,1964.40821593,1398.7459294000007,1051888.0,122728.82089618,5906.34885652
BTC_JPY,2020-06-06T01:46:49.953,25282678,1051500.0,1051955.0,0.01,0.1,1965.46418243,1398.7048759000006,1051888.0,122722.04544447,5906.34885652
BTC_JPY,2020-06-06T01:46:54.41,25282696,1051500.0,1051955.0,0.01,0.1,1966.69009243,1398.7794959,1051888.0,122717.73380227,5906.34885652
BTC_JPY,2020-06-06T01:46:59.977,25282758,1051500.0,1051951.0,0.11,0.4619,1966.69219243,1397.8836959,1051888.0,122703.37285676,5906.04885652
BTC_JPY,2020-06-06T01:47:05.153,25282847,1051500.0,1051951.0,0.11,0.4619,1968.89706243,1398.2070359000006,1051888.0,122698.27385246,5906.04885652
BTC_JPY,2020-06-06T01:47:09.74,25282935,1051500.0,1051948.0,0.11,0.057,1967.75176243,1397.8049859,1051888.0,122692.73314074,5906.04885652
BTC_JPY,2020-06-06T01:47:14.423,25283031,1051500.0,1051951.0,0.11,0.4619,1967.89816243,1397.85807577,1051888.0,122687.01319601,5906.04885652
BTC_JPY,2020-06-06T01:47:19.85,25283135,1051500.0,1051954.0,0.11,0.05,1967.93634243,1398.8068359000001,1051888.0,122688.69386874,5905.87885652
BTC_JPY,2020-06-06T01:47:24.993,25283198,1051500.0,1051954.0,0.11,0.05,1966.91191243,1397.6372459000006,1051888.0,122642.8967773,5904.54885652
BTC_JPY,2020-06-06T01:50:09.933,25285742,1050567.0,1051346.0,0.3,0.057,1969.67752543,1395.06344444,1050624.0,122220.9271048,5893.59004698
BTC_JPY,2020-06-06T01:50:14.92,25285894,1050375.0,1050624.0,0.41,0.07,1968.14556695,1393.97144431,1050490.0,122214.78729331,5893.34004685
BTC_JPY,2020-06-06T01:50:19.55,25285983,1050377.0,1050624.0,0.3,0.07,1967.24352885,1394.1730953,1050490.0,122199.43742095,5893.34004685
BTC_JPY,2020-06-06T01:50:24.24,25286068,1050384.0,1050624.0,0.043,0.07,1967.26752885,1394.2302953,1050490.0,122194.94690023,5893.28564685
BTC_JPY,2020-06-06T01:50:29.73,25286196,1050394.0,1050624.0,0.043,0.07,1966.62752885,1393.4676953,1050490.0,122172.26299301,5893.28564685
BTC_JPY,2020-06-06T01:50:34.4,25286297,1050403.0,1050624.0,0.15,0.07,1967.76752885,1394.2614752999998,1050490.0,122169.43230495,5893.28564685
BTC_JPY,2020-06-06T01:50:39.233,25286402,1050496.0,1050624.0,0.043,0.07,1969.17322885,1393.9314753,1050490.0,122164.92516863,5893.26564685
BTC_JPY,2020-06-06T01:50:45.267,25286504,1050491.0,1050624.0,0.043,0.07,1968.08033885,1394.2885553,1050497.0,122144.90111603,5893.16764685
BTC_JPY,2020-06-06T01:50:49.76,25286547,1050492.0,1050624.0,0.15,0.07,1968.21897885,1394.1142953,1050497.0,122143.13172028,5893.16764685
BTC_JPY,2020-06-06T01:50:54.733,25286615,1050490.0,1050493.0,1.01,0.01,1968.03597619,1394.80451264,1050497.0,122143.94092675,5893.16764685
BTC_JPY,2020-06-06T01:50:59.593,25286651,1050375.0,1050493.0,0.41,0.01,1965.88327696,1394.53789264,1050490.0,122140.69479454,5893.07714685
BTC_JPY,2020-06-06T01:51:04.457,25286765,1050021.0,1050493.0,0.1,0.00812245,1964.46786376,1396.08149967,1050493.0,122129.18731905,5892.7064444
BTC_JPY,2020-06-06T01:51:09.85,25286894,1050024.0,1050617.0,0.0952,0.05183,1963.74336389,1391.36924327,1050021.0,122128.37062319,5892.22647823
BTC_JPY,2020-06-06T01:51:14.32,25287031,1050048.0,1050622.0,0.043,0.057,1964.45634009,1390.48197342,1050021.0,122122.69206811,5892.22647823
BTC_JPY,2020-06-06T01:51:19.943,25287144,1050023.0,1050599.0,0.30000013,0.5258,1962.36424009,1390.12317342,1050036.0,122120.98008769998,5892.58447823
BTC_JPY,2020-06-06T01:51:24.587,25287234,1050024.0,1050618.0,0.0632,0.05724,1962.26954009,1389.76861342,1050036.0,122115.79418328,5892.57447823
BTC_JPY,2020-06-06T01:51:29.877,25287351,1050051.0,1050615.0,0.15,0.05119,1961.72928489,1389.18775772,1050036.0,122100.0328806,5892.57447823
BTC_JPY,2020-06-06T01:51:34.74,25287480,1050133.0,1050624.0,0.5248,0.07,1963.41552474,1388.30267772,1050107.0,122109.38457457,5893.57447823
BTC_JPY,2020-06-06T01:51:39.41,25287536,1050143.0,1050624.0,0.8248,0.07,1963.18102487,1388.40267772,1050107.0,122103.9936105,5893.57447823
BTC_JPY,2020-06-06T01:51:44.33,25287606,1050156.0,1050624.0,0.3,0.07,1964.09732487,1388.40267772,1050107.0,122105.13483713,5893.57447823
BTC_JPY,2020-06-06T01:51:49.23,25287653,1050158.0,1050624.0,0.5248,0.07,1964.86459487,1390.92267772,1050107.0,122107.49041268,5893.57447823
BTC_JPY,2020-06-06T01:51:54.667,25287756,1050172.0,1050624.0,0.4485,0.07,1972.79779487,1391.35166772,1050107.0,122113.62807178,5893.57447823
BTC_JPY,2020-06-06T01:51:59.837,25287888,1050183.0,1050624.0,0.2718,0.07,1972.49949487,1391.20998633,1050175.0,122112.72987383,5893.60447823
BTC_JPY,2020-06-06T01:52:04.527,25288002,1050189.0,1050624.0,0.3,0.07,1971.44959487,1390.78718633,1050175.0,122112.13964097,5893.60447823
BTC_JPY,2020-06-06T01:52:09.31,25288131,1050196.0,1050624.0,0.29,0.07,1971.34689487,1393.43850633,1050196.0,122120.19999422,5893.11447823
BTC_JPY,2020-06-06T01:52:14.387,25288211,1050198.0,1050624.0,0.15,0.07,1972.22379487,1394.27916633,1050196.0,122083.63217713,5885.799228100002
BTC_JPY,2020-06-06T01:52:20.227,25288368,1050211.0,1050624.0,0.5248,0.053247,1971.86839437,1394.16524332,1050624.0,122023.30861452,5885.395980100001
BTC_JPY,2020-06-06T01:52:24.433,25288455,1050357.0,1050624.0,0.3,0.053247,1971.03839424,1394.38534332,1050624.0,122010.24658072,5885.395980100001
BTC_JPY,2020-06-06T01:55:09.66,25291888,1050513.0,1051120.0,0.6153,0.09,1969.64080154,1392.12020351,1051135.0,121653.34005352,5872.35417213
BTC_JPY,2020-06-06T01:55:14.477,25292002,1050524.0,1051355.0,0.8649,0.19,1969.74140154,1392.54660351,1051135.0,121645.76413691,5872.14367213
BTC_JPY,2020-06-06T01:55:19.17,25292122,1050535.0,1051311.0,0.4647,0.19,1969.31420154,1392.74368351,1051135.0,121643.93421662,5872.14367213
BTC_JPY,2020-06-06T01:55:24.243,25292267,1050548.0,1051066.0,0.3,0.05045,1968.65920154,1392.74557351,1051135.0,121638.68894696,5872.14367213
BTC_JPY,2020-06-06T01:55:29.36,25292397,1050041.0,1051043.0,0.3,0.056729999999999996,1967.55013727,1393.64340924,1051135.0,121644.95511647,5872.14367213
BTC_JPY,2020-06-06T01:55:34.307,25292547,1050010.0,1050663.0,0.03,0.6064,1966.70186727,1394.75587024,1051135.0,121640.69152707,5871.94367213
BTC_JPY,2020-06-06T01:55:39.333,25292724,1050075.0,1050957.0,0.9164,0.4447,1969.59783727,1394.15664714,1051135.0,121644.10939603,5871.94367213
BTC_JPY,2020-06-06T01:55:44.667,25292866,1050162.0,1050963.0,0.5164,0.19,1969.38393727,1394.20929714,1051135.0,121642.27020155,5871.94367213
BTC_JPY,2020-06-06T01:55:49.887,25292995,1050182.0,1050934.0,0.5164,0.0527,1968.76753727,1394.41354726,1051135.0,121637.89795582,5871.94367213
BTC_JPY,2020-06-06T01:55:54.71,25293092,1050178.0,1050896.0,0.5164,0.4441,1968.72526727,1394.61094713,1051135.0,121636.81087533,5871.94367213
BTC_JPY,2020-06-06T01:55:58.963,25293197,1050144.0,1050859.0,0.001,0.4439,1968.11350007,1395.41684712,1051135.0,121638.72443653,5871.64367213
BTC_JPY,2020-06-06T01:56:04.703,25293332,1050009.0,1050564.0,0.30000013,0.32,1968.48663727,1395.01544712,1050010.0,121638.60977768,5871.61110213
BTC_JPY,2020-06-06T01:56:08.843,25293420,1050010.0,1050563.0,0.4296,0.5148,1968.48623727,1394.89124712,1050010.0,121641.8026231,5871.61110213
BTC_JPY,2020-06-06T01:56:14.84,25293499,1050001.0,1050522.0,0.1,0.5148,1966.05852727,1395.37593713,1050010.0,121645.93955225,5871.17875517
BTC_JPY,2020-06-06T01:56:19.24,25293568,1050001.0,1050563.0,0.30000013,0.09,1966.25603727,1393.1996098,1050000.0,121638.31000381,5871.17375517
BTC_JPY,2020-06-06T01:56:24.03,25293655,1050010.0,1050775.0,0.016,0.5082,1966.78983727,1394.5938078,1050000.0,121631.34221276,5869.70175517
BTC_JPY,2020-06-06T01:56:29.243,25293763,1050000.0,1050458.0,1.82600017,0.1,1965.2335574,1394.65409793,1050000.0,121618.95622188,5869.12175517
BTC_JPY,2020-06-06T01:56:35.013,25293827,1050005.0,1050457.0,0.1,0.09,1965.3702574000001,1394.74998798,1050000.0,121610.09248854,5869.12635517
BTC_JPY,2020-06-06T01:56:38.777,25293876,1050005.0,1050458.0,0.1,0.1,1966.1003374000002,1394.32190998,1050000.0,121597.98928299999,5867.13070213
BTC_JPY,2020-06-06T01:56:44.717,25293908,1050005.0,1050458.0,0.1,0.1,1966.42520007,1394.35013785,1050000.0,121592.61979278,5867.13070213
BTC_JPY,2020-06-06T01:56:50.043,25293991,1050005.0,1050600.0,0.1,0.5061,1966.9275082000001,1394.72798798,1050000.0,121591.82152494,5867.13070213
BTC_JPY,2020-06-06T01:56:54.343,25294058,1050005.0,1050590.0,0.1,0.5061,1966.9175082000002,1394.78737799,1050000.0,121577.46801958,5867.11170213
