product_code,timestamp,tick_id,best_bid,best_ask,best_bid_size,best_ask_size,total_bid_depth,total_ask_depth,ltp,volume,volume_by_product
BTC_JPY,2020-05-20T23:55:03.623,7293087,1025647.0,1025947.0,0.17501989999999998,0.05,1875.00036593,1865.08478468,1025647.0,117704.51276279,6683.20099016
BTC_JPY,2020-05-20T23:55:08.103,7293163,1025647.0,1026147.0,0.17501989999999998,0.684,1872.2504958,1864.76423468,1025647.0,117697.15380969,6682.70099016
BTC_JPY,2020-05-20T23:55:13.533,7293321,1025655.0,1026289.0,0.3824,0.05636,1877.18244015,1864.61821694,1026147.0,117706.89337989,6682.30099016
BTC_JPY,2020-05-20T23:55:18.57,7293437,1025648.0,1026283.0,0.3819,0.05,1877.46113346,1864.73528681,1026147.0,117700.95743597,6682.30099016
BTC_JPY,2020-05-20T23:55:23.877,7293566,1025649.0,1026547.0,0.0735,0.15,1872.05577151,1865.09025694,1025647.0,117698.47816842,6682.35099016
BTC_JPY,2020-05-20T23:55:28.783,7293710,1025647.0,1026130.0,0.1250199,0.3828,1872.76748759,1865.12273951,1026147.0,117696.63854568,6681.87099016
BTC_JPY,2020-05-20T23:55:34.08,7293857,1025647.0,1026115.0,0.1250199,0.3817,1874.91814306,1866.21612164,1026147.0,117674.38428539,6681.33099016
BTC_JPY,2020-05-20T23:55:38.227,7293949,1025647.0,1026105.0,0.1250199,0.05,1871.48610984,1864.62916177,1026107.0,117668.04727357,6681.03099016
BTC_JPY,2020-05-20T23:55:43.54,7294045,1025647.0,1026093.0,0.1250199,0.060870000000000014,1875.34837284,1864.10056499,1026107.0,117655.66554029,6681.02399016
BTC_JPY,2020-05-20T23:55:48.043,7294120,1025647.0,1026088.0,0.1250199,0.05,1875.50842906,1865.00866799,1026107.0,117640.90144001,6680.60399016
BTC_JPY,2020-05-20T23:55:53.127,7294221,1025647.0,1026080.0,0.1250199,0.1,1875.25095906,1864.76216799,1026086.0,117631.32958611,6680.13469117
BTC_JPY,2020-05-20T23:55:59.003,7294350,1025647.0,1026069.0,0.1250199,0.05,1874.92527092,1865.29691125,1026086.0,117627.81346267,6680.12469117
BTC_JPY,2020-05-20T23:56:04.007,7294454,1025647.0,1026056.0,0.1250199,0.3808,1875.11743232,1866.61320112,1026086.0,117627.80899724,6680.12469117
BTC_JPY,2020-05-20T23:56:08.043,7294547,1025647.0,1026045.0,0.1250199,0.3818,1875.84212995,1867.79461591,1026056.0,117622.62679716,6680.32469117
BTC_JPY,2020-05-20T23:56:14.03,7294687,1025661.0,1026086.0,0.1,0.92115075,1872.70975045,1866.66589574,1026086.0,117606.32729442,6677.39764043
BTC_JPY,2020-05-20T23:56:18.313,7294769,1025647.0,1026086.0,0.0750199,0.92115075,1872.54373282,1867.3137219999999,1026086.0,117574.64158446,6669.41209743
BTC_JPY,2020-05-20T23:56:23.677,7294861,1025648.0,1026085.0,0.3778,0.04,1873.27705281,1867.1699219999998,1026085.0,117539.95615021,6664.61209704
BTC_JPY,2020-05-20T23:56:28.88,7294932,1025647.0,1026081.0,0.0750199,0.061370000000000015,1877.03197281,1867.1912920000002,1026085.0,117523.78995485,6661.05009691
BTC_JPY,2020-05-20T23:56:33.337,7295037,1025647.0,1026072.0,0.0750199,0.05,1877.54634827,1867.69641216,1026085.0,117511.22855949,6660.85009691
BTC_JPY,2020-05-20T23:56:38.507,7295161,1025647.0,1026063.0,0.0250199,0.06552000000000001,1877.58671827,1867.66515216,1025647.0,117504.59347221,6660.90009691
BTC_JPY,2020-05-20T23:56:43.813,7295256,1025647.0,1026055.0,0.0250199,0.05,1877.78960826,1867.38023216,1025647.0,117491.86765548,6660.30330128
BTC_JPY,2020-05-20T23:56:48.597,7295365,1025672.0,1026085.0,0.05,0.21232013,1878.19710826,1865.66678216,1026085.0,117468.68294225,6660.39830128
BTC_JPY,2020-05-20T23:56:53.077,7295425,1025676.0,1026085.0,0.3733,0.21232013,1878.24772826,1866.00170216,1026085.0,117461.10296659,6660.39830128
BTC_JPY,2020-05-20T23:56:58.897,7295495,1026085.0,1026086.0,0.19,0.92115075,1878.64672826,1865.93021574,1026085.0,117456.5381454,6660.27630128
BTC_JPY,2020-05-20T23:57:03.363,7295574,1025659.0,1026086.0,0.1,0.92115075,1877.49392814,1867.10446561,1026085.0,117451.05904465,6659.49630128
BTC_JPY,2020-05-20T23:57:08.963,7295668,1025647.0,1026084.0,0.0250199,0.05,1876.77143814,1866.75345203,1025663.0,117439.81256387,6659.54630128
BTC_JPY,2020-05-20T23:57:14.017,7295730,1025659.0,1026084.0,0.05,0.05,1876.91512814,1866.53635561,1025663.0,117417.15293621,6653.48244499
BTC_JPY,2020-05-20T23:57:19.483,7295773,1025647.0,1025663.0,0.0250199,4.48739993,1876.97798814,1870.79596757,1025663.0,117393.12832194,6651.47504506
BTC_JPY,2020-05-21T00:00:03.37,7298890,1024631.0,1025380.0,0.002,0.93,1866.16547972,1869.93855096,1025000.0,117155.29234048,6636.74161984
BTC_JPY,2020-05-21T00:00:08.8,7298980,1024999.0,1025372.0,1.95001,0.15,1869.39330972,1870.11905096,1024999.0,117127.11920676,6636.79020984
BTC_JPY,2020-05-21T00:00:13.31,7299091,1024500.0,1024846.0,0.00600699,0.4124,1867.96008547,1871.78755111,1024500.0,117122.31290671,6638.97771285
BTC_JPY,2020-05-21T00:00:19.053,7299270,1023950.0,1024575.0,0.79379985,0.1,1868.34123733,1871.53412886,1023950.0,117134.05385699,6639.5737201
BTC_JPY,2020-05-21T00:00:23.697,7299413,1023530.0,1024160.0,1.529,0.4129,1867.52944837,1872.39192888,1023530.0,117130.0433668,6641.31691995
BTC_JPY,2020-05-21T00:00:28.473,7299542,1023530.0,1024074.0,1.529,0.31,1867.58794749,1871.98873573,1023530.0,117129.90904371,6641.31691995
BTC_JPY,2020-05-21T00:00:33.963,7299688,1023089.0,1023734.0,0.3007,0.4169,1865.19166035,1874.03256572,1023088.0,117140.32799495,6643.75387995
BTC_JPY,2020-05-21T00:00:38.643,7299839,1023499.0,1024057.0,0.4144,0.1,1873.50631752,1871.52839574,1023089.0,117145.32124005,6643.95383995
BTC_JPY,2020-05-21T00:00:43.34,7299950,1023590.0,1024083.0,1.0,0.1,1873.88834863,1872.46351463,1023089.0,117085.00487092,6643.72183995
BTC_JPY,2020-05-21T00:00:48.687,7300109,1023555.0,1024210.0,0.15,1.0,1871.58227752,1870.55940576,1023850.0,117066.89763563,6644.71544995
BTC_JPY,2020-05-21T00:00:53.707,7300208,1023599.0,1024209.0,0.4179,0.3073,1871.84787752,1871.38276577,1023573.0,117056.21496877,6644.23111332
BTC_JPY,2020-05-21T00:00:58.127,7300286,1023556.0,1024209.0,0.4381,0.3073,1871.37807739,1871.11276564,1023601.0,117054.76496074,6644.43111332
BTC_JPY,2020-05-21T00:01:03.417,7300375,1023573.0,1024181.0,0.001,0.5178,1873.72384862,1871.65291564,1023601.0,117048.5409754,6644.43111332
BTC_JPY,2020-05-21T00:01:08.353,7300516,1023154.0,1024049.0,0.1018,0.05,1874.12590553,1872.14922465,1023573.0,117039.38317728,6644.43211332
BTC_JPY,2020-05-21T00:01:14.05,7300657,1023153.0,1023927.0,0.32,1.0,1876.29981664,1873.68635464,1023573.0,117036.42758122,6644.43211332
BTC_JPY,2020-05-21T00:01:18.967,7300813,1023155.0,1023789.0,0.15,1.0,1872.90085661,1873.40550902,1023573.0,117038.39146245,6644.23211332
BTC_JPY,2020-05-21T00:01:23.287,7300920,1023088.0,1023367.0,0.58360697,0.4227,1866.62268691,1874.77225888,1023119.0,117042.21904247,6644.00461331
BTC_JPY,2020-05-21T00:01:28.257,7301045,1022817.0,1023341.0,0.16278778,0.05,1867.08359932,1875.01959353,1023352.0,117046.21742309,6644.78282837
BTC_JPY,2020-05-21T00:01:33.71,7301165,1022830.0,1023362.0,0.1,0.44999999,1872.46712167,1874.76000575,1023359.0,117030.6111311,6644.97382837
BTC_JPY,2020-05-21T00:01:38.183,7301285,1023137.0,1023362.0,0.32,0.44999999,1869.46721963,1875.19057242,1023359.0,117024.34739881,6644.97382837
BTC_JPY,2020-05-21T00:01:43.333,7301404,1022734.0,1023324.0,0.001,0.4107,1867.95476707,1875.27912712,1022817.0,116995.66368118,6644.45397314
BTC_JPY,2020-05-21T00:01:48.913,7301505,1022605.0,1022647.0,0.05,0.5489999999999999,1871.79643849,1876.55777716,1022647.0,116975.96383055,6644.89497414
BTC_JPY,2020-05-21T00:01:53.687,7301568,1022605.0,1023144.0,0.2,0.4031,1873.26644707,1874.66577717,1022647.0,116977.58469541,6645.42397414
BTC_JPY,2020-05-21T00:01:58.353,7301679,1022561.0,1023104.0,0.05,0.3941,1872.88996707,1875.78232143,1023105.0,116962.51246296,6643.82308426
BTC_JPY,2020-05-21T00:02:04.053,7301769,1022501.0,1023135.0,0.05,0.3969,1873.18042567,1874.94109068,1023105.0,116950.37717876,6639.58738426
BTC_JPY,2020-05-21T00:02:08.147,7301856,1023105.0,1023126.0,2.5,0.1,1875.40460554,1872.741054,1022512.0,116927.93868652,6636.97137421
BTC_JPY,2020-05-21T00:02:13.397,7301983,1022817.0,1023100.0,0.001,0.06016000000000001,1872.73215205,1873.34844138,1023105.0,116920.67892997,6639.36137421
BTC_JPY,2020-05-21T00:02:18.103,7302069,1022500.0,1022894.0,0.21,0.4205,1868.26859603,1875.24054274,1022817.0,116920.30224959,6639.30607285
BTC_JPY,2020-05-21T00:05:04.09,7306117,1023128.0,1023521.0,0.4263,0.18249986,1879.49174847,1867.84125482,1023521.0,116989.39941187,6652.17951648
BTC_JPY,2020-05-21T00:05:08.433,7306246,1023146.0,1023720.0,0.1483,0.69999948,1880.4039062,1863.60471595,1023720.0,116988.77095635,6653.64301686
BTC_JPY,2020-05-21T00:05:13.597,7306404,1024180.0,1024469.0,0.4282,0.32,1879.58444519,1865.44645501,1024000.0,116995.88164755,6653.61191642
BTC_JPY,2020-05-21T00:05:18.043,7306527,1024493.0,1024800.0,0.1,0.75720605,1883.32676358,1839.5850528,1024800.0,117008.09406938,6656.96471037
BTC_JPY,2020-05-21T00:05:23.6,7306658,1024808.0,1025267.0,0.3452,0.1,1877.68192632,1865.18664244,1025278.0,117019.70998778,6657.27397657
BTC_JPY,2020-05-21T00:05:28.31,7306771,1024821.0,1025386.0,0.31,0.1,1881.75811646,1865.40253244,1024818.0,116957.69095601,6653.84514957
BTC_JPY,2020-05-21T00:05:33.89,7306915,1024901.0,1025422.0,0.2,0.1,1880.6650323,1865.17031829,1025278.0,116929.65796226,6652.88662471
BTC_JPY,2020-05-21T00:05:39.073,7307067,1024921.0,1025422.0,0.2,0.1,1881.74586129,1863.06675501,1025278.0,116931.47236181,6651.86662471
BTC_JPY,2020-05-21T00:05:43.027,7307161,1024928.0,1025422.0,0.05,0.1,1881.96398129,1864.29322728,1025278.0,116919.32361763,6651.84662471
BTC_JPY,2020-05-21T00:05:48.667,7307322,1025450.0,1025955.0,0.1,0.1,1881.98272116,1860.35345501,1025549.0,116913.57997497,6649.31054304
BTC_JPY,2020-05-21T00:05:53.663,7307407,1025457.0,1025943.0,0.1,0.1,1882.34768363,1863.93890511,1025549.0,116912.89212517,6649.10854304
BTC_JPY,2020-05-21T00:05:58.697,7307468,1025467.0,1025943.0,0.05,0.1,1881.87879353,1863.43890511,1025549.0,116910.39430735,6649.10854304
BTC_JPY,2020-05-21T00:06:03.907,7307576,1025474.0,1025966.0,0.2259,0.01,1882.40282363,1863.59165501,1025549.0,116898.04247849,6648.48854104
BTC_JPY,2020-05-21T00:06:08.133,7307694,1025550.0,1025966.0,0.3813,0.01,1882.33324363,1864.56080511,1025549.0,116888.5812075,6648.48854104
BTC_JPY,2020-05-21T00:06:13.59,7307839,1025597.0,1026000.0,0.2,0.02500002,1877.92279341,1864.6448051,1025984.0,116890.42691025,6648.00529525
BTC_JPY,2020-05-21T00:06:18.153,7307933,1025549.0,1025947.0,0.04,0.3765,1878.70667672,1867.51731763,1025569.0,116896.71937101,6648.56529525
BTC_JPY,2020-05-21T00:06:23.767,7308047,1024941.0,1025196.0,0.098001,0.3767,1873.16233112,1870.23700713,1024940.0,116897.65294204,6648.13328826
BTC_JPY,2020-05-21T00:06:28.647,7308160,1024907.0,1025269.0,0.05,0.1,1880.51631326,1868.80155501,1024905.0,116899.81083797,6648.24728926
BTC_JPY,2020-05-21T00:06:33.927,7308295,1024950.0,1025512.0,0.3,0.1,1877.91331148,1870.77005488,1024905.0,116899.26330596,6647.54728926
BTC_JPY,2020-05-21T00:06:38.833,7308415,1024963.0,1025536.0,0.31,0.374,1877.67771069,1869.05245536,1024905.0,116892.66514276,6647.54728926
BTC_JPY,2020-05-21T00:06:44.093,7308516,1024975.0,1025548.0,0.1,0.3728,1881.22647034,1870.24837536,1024905.0,116889.25748225,6647.39678926
BTC_JPY,2020-05-21T00:06:48.16,7308595,1025083.0,1025491.0,0.1,0.099,1880.93691069,1870.03633536,1025500.0,116880.21408431,6647.02183315
BTC_JPY,2020-05-21T00:06:53.993,7308696,1025190.0,1025526.0,0.05,0.1,1877.46571069,1871.8944907000002,1025513.0,116882.25288771,6647.23423267
BTC_JPY,2020-05-21T00:06:58.793,7308737,1025192.0,1025526.0,0.05,0.1,1881.55851604,1871.2668907000002,1025513.0,116875.13965588,6647.23423267
BTC_JPY,2020-05-21T00:07:04.14,7308765,1025194.0,1025549.0,0.05,2.0,1877.92038604,1871.4238907000001,1025513.0,116881.65681212,6646.95113978
BTC_JPY,2020-05-21T00:07:08.203,7308792,1025196.0,1025549.0,0.2,2.0,1877.11219604,1870.8508107,1025513.0,116858.75966975,6641.58153058
BTC_JPY,2020-05-21T00:07:13.453,7308851,1025193.0,1025549.0,0.4191,1.81,1876.75411604,1870.3275407,1025549.0,116821.91059941,6640.52043058
BTC_JPY,2020-05-21T00:07:19.033,7308916,1025200.0,1025549.0,0.0573,1.81,1874.28111604,1870.3351307,1025549.0,116794.50253636,6636.61602335
BTC_JPY,2020-05-21T00:10:03.123,7312205,1026755.0,1027312.0,0.15,0.01,1872.12887667,1867.56887344,1026750.0,116747.16279148,6632.16138532
BTC_JPY,2020-05-21T00:10:08.033,7312298,1026761.0,1027312.0,0.2,0.01,1874.49992177,1867.66407329,1026750.0,116748.85978269,6632.16138532
BTC_JPY,2020-05-21T00:10:13.583,7312348,1026762.0,1027312.0,0.15,0.01,1874.56930177,1868.08157329,1026750.0,116745.52679486,6632.16138532
BTC_JPY,2020-05-21T00:10:18.4,7312392,1026750.0,1027312.0,1.04,0.01,1879.31992164,1868.02251329,1026750.0,116740.93126260002,6631.16138532
BTC_JPY,2020-05-21T00:10:24.06,7312455,1026750.0,1027102.0,0.99,0.31,1879.59791715,1867.97883867,1027102.0,116737.05044733,6631.17138532
BTC_JPY,2020-05-21T00:10:29.003,7312516,1026765.0,1027102.0,0.21,0.31,1880.08294714,1865.11864983,1027102.0,116726.12484805,6630.83286454
BTC_JPY,2020-05-21T00:10:33.147,7312636,1026793.0,1027371.0,0.3835,0.1,1883.93671191,1867.68164983,1026781.0,116729.55319739,6630.84263454
BTC_JPY,2020-05-21T00:10:38.82,7312817,1026816.0,1027634.0,0.42189952,0.05760048,1879.98893573,1867.07662346,1027705.0,116727.52917039,6631.34263454
BTC_JPY,2020-05-21T00:10:43.65,7312929,1026866.0,1027635.0,0.3816,0.3109,1880.78482608,1868.30508298,1027705.0,116727.51870755,6631.34263454
BTC_JPY,2020-05-21T00:10:48.227,7313076,1026896.0,1027700.0,0.42269952,0.05760048,1880.26567576,1868.03605031,1027705.0,116728.98792507,6631.13263454
BTC_JPY,2020-05-21T00:10:53.46,7313245,1026928.0,1027704.0,0.3568,0.3,1878.64488294,1867.58695968,1027705.0,116731.97564491,6631.13263454
BTC_JPY,2020-05-21T00:10:58.78,7313422,1026980.0,1027698.0,0.3571,0.05760048,1878.96758246,1869.45592017,1027705.0,116733.45564491,6631.13263454
BTC_JPY,2020-05-21T00:11:03.84,7313538,1027003.0,1027703.0,0.3799,0.05760048,1878.57089246,1868.97952017,1027705.0,116716.62532672,6630.12263454
BTC_JPY,2020-05-21T00:11:08.917,7313664,1027016.0,1027701.0,0.379,0.05760048,1878.27708294,1869.39128017,1027705.0,116700.89641849,6629.86372631
BTC_JPY,2020-05-21T00:11:14.117,7313768,1027050.0,1027701.0,0.21,0.05760048,1876.95938246,1869.10647017,1027705.0,116697.51174233,6629.86372631
BTC_JPY,2020-05-21T00:11:18.45,7313870,1027078.0,1027700.0,0.21,0.1,1878.08788291,1869.45885017,1027705.0,116681.55602646,6626.27184475
BTC_JPY,2020-05-21T00:11:23.75,7313975,1027107.0,1027698.0,0.04239952,0.10760048,1882.36023955,1869.98735017,1027108.0,116669.97721104,6626.2751652
BTC_JPY,2020-05-21T00:11:28.563,7314090,1026850.0,1027696.0,0.377,0.1556,1883.29439295,1869.68022969,1027705.0,116657.46173082,6626.24416468
BTC_JPY,2020-05-21T00:11:33.713,7314220,1026877.0,1027604.0,0.15,0.377,1882.71111039,1869.80190969,1027705.0,116639.59413575,6623.88845499
BTC_JPY,2020-05-21T00:11:38.78,7314305,1027106.0,1027602.0,0.049,0.3758,1881.8970198,1869.54706499,1027705.0,116630.93906502,6622.86295499
BTC_JPY,2020-05-21T00:11:43.397,7314401,1026794.0,1027103.0,0.09667955,0.3744,1881.61751933,1870.34086514,1027106.0,116622.02292117,6622.377954899999
BTC_JPY,2020-05-21T00:11:48.32,7314476,1026794.0,1027104.0,0.09667955,0.15,1881.8845122,1871.28702786,1027106.0,116600.51606468,6622.3579549
BTC_JPY,2020-05-21T00:11:53.507,7314592,1026813.0,1027311.0,0.3761,0.32,1883.80977251,1871.63812816,1027104.0,116597.49061641,6622.3979549
BTC_JPY,2020-05-21T00:11:59.063,7314719,1026846.0,1027310.0,0.3775,0.2,1877.53701251,1872.36730818,1027104.0,116598.73343045,6622.377954899999
BTC_JPY,2020-05-21T00:12:03.817,7314774,1026835.0,1027104.0,0.06118,0.1257,1878.01301296,1872.55761818,1027104.0,116596.19497509,6622.377954899999
BTC_JPY,2020-05-21T00:12:08.543,7314820,1026793.0,1027104.0,0.44999999,0.1257,1877.95033296,1872.49862818,1027104.0,116591.00473171,6622.377954899999
BTC_JPY,2020-05-21T00:12:13.587,7314859,1026793.0,1027104.0,0.44999999,0.1257,1878.01320296,1872.26723805,1027104.0,116589.40555621,6622.377954899999
BTC_JPY,2020-05-21T00:12:18.967,7314887,1026793.0,1027103.0,0.44999999,0.01,1877.11271298,1872.58028818,1027104.0,116589.19055621,6622.3679549
BTC_JPY,2020-05-21T00:15:03.403,7317410,1027528.0,1028075.0,0.1,0.04987002,1880.02912016,1865.32295984,1027869.0,116546.45228319,6611.78213533
BTC_JPY,2020-05-21T00:15:08.6,7317565,1027871.0,1028299.0,0.1,0.04987002,1881.74414495,1863.81564416,1027869.0,116515.13297357,6608.14288481
BTC_JPY,2020-05-21T00:15:14.123,7317679,1027919.0,1028299.0,0.21,0.04987002,1881.96198495,1868.05856429,1027869.0,116494.00300436,6603.35060495
BTC_JPY,2020-05-21T00:15:18.96,7317749,1027881.0,1028200.0,0.21,0.8,1880.43910187,1868.85758118,1027869.0,116482.46822743,6601.49120872
BTC_JPY,2020-05-21T00:15:23.843,7317817,1027880.0,1028200.0,0.21,0.698,1880.24943187,1868.93404235,1027926.0,116471.59246159,6598.18564842
BTC_JPY,2020-05-21T00:15:28.213,7317879,1027904.0,1028200.0,0.21,0.698,1880.32287453,1868.20457222,1027926.0,116454.19788217,6598.18564842
BTC_JPY,2020-05-21T00:15:33.75,7318001,1027983.0,1028320.0,0.15917008,1.03,1881.51668675,1865.9044199,1028300.0,116475.29407268,6598.31414842
BTC_JPY,2020-05-21T00:15:38.733,7318126,1028320.0,1028449.0,0.02,0.10099999999999999,1883.70136125,1865.8566598999998,1028320.0,116471.90471393,6599.34414842
BTC_JPY,2020-05-21T00:15:42.917,7318199,1028320.0,1028500.0,0.13997627,0.41,1884.97806905,1866.13882136,1028449.0,116464.03813554,6599.46614842
BTC_JPY,2020-05-21T00:15:48.023,7318272,1028321.0,1028499.0,0.1,0.04987002,1883.90889241,1865.61346971,1028500.0,116453.63337985,6599.80814842
BTC_JPY,2020-05-21T00:15:53.33,7318337,1028323.0,1028500.0,0.05,0.01587002,1883.25338228,1865.94939349,1028500.0,116452.78437985,6599.41014842
BTC_JPY,2020-05-21T00:15:58.603,7318394,1028321.0,1028500.0,0.1,0.01587002,1882.77446877,1865.90648349,1028500.0,116456.07791764,6599.41014842
BTC_JPY,2020-05-21T00:16:03.817,7318478,1028320.0,1028573.0,0.02,0.01,1882.14019251,1865.41739334,1028500.0,116458.43430131,6599.51014842
BTC_JPY,2020-05-21T00:16:07.993,7318554,1028200.0,1028573.0,0.04,0.01,1882.97591617,1866.08333982,1028500.0,116457.7912312,6599.51014842
BTC_JPY,2020-05-21T00:16:13.1,7318634,1028200.0,1028573.0,0.04,0.01,1882.2648805,1866.33962334,1028500.0,116453.92531178,6599.51014842
BTC_JPY,2020-05-21T00:16:19.083,7318812,1027552.0,1028188.0,0.05791,0.06529,1880.81540439,1868.64328086,1027869.0,116463.97986454,6599.44014842
BTC_JPY,2020-05-21T00:16:23.523,7318939,1027538.0,1028369.0,0.15,0.30000013,1882.41240392,1867.21468981,1027869.0,116469.94773778,6599.44014842
BTC_JPY,2020-05-21T00:16:28.35,7319074,1027570.0,1028367.0,0.4643,0.05,1872.73788405,1867.45178981,1027869.0,116463.37298812,6599.24014842
BTC_JPY,2020-05-21T00:16:34.223,7319214,1027623.0,1028361.0,0.25,0.05,1872.58641405,1866.56471115,1027869.0,116464.99528812,6599.22014842
BTC_JPY,2020-05-21T00:16:38.127,7319344,1027651.0,1028573.0,0.5631,0.01,1873.54803404,1865.34788968,1027869.0,116454.40095227,6596.96004223
BTC_JPY,2020-05-21T00:16:43.92,7319494,1027698.0,1028573.0,0.361,0.01,1873.894996,1866.57771115,1027869.0,116447.72022077,6596.46704197
BTC_JPY,2020-05-21T00:16:48.08,7319603,1027729.0,1028572.0,0.5098,0.05,1874.3147065,1866.53558981,1027869.0,116442.27169299,6596.57704197
BTC_JPY,2020-05-21T00:16:53.317,7319715,1027783.0,1028573.0,0.21,0.21,1874.9147065000002,1866.35481115,1027869.0,116433.82312159,6596.57604197
BTC_JPY,2020-05-21T00:16:57.837,7319801,1027827.0,1028573.0,0.4598,0.21,1874.14579637,1866.38481115,1027869.0,116433.5176212,6595.66604158
BTC_JPY,2020-05-21T00:17:03.783,7319924,1027870.0,1028500.0,0.16,0.022000000000000002,1873.51082637,1864.94387102,1027869.0,116435.63734822,6595.66604158
BTC_JPY,2020-05-21T00:17:08.393,7320042,1027900.0,1028495.0,0.1,0.05951,1870.43206516,1866.35222115,1027872.0,116436.19542793,6595.67604158
BTC_JPY,2020-05-21T00:17:14.037,7320155,1027884.0,1028495.0,0.21,0.05951,1871.78253604,1865.70299981,1027872.0,116427.23991962,6590.24604158
BTC_JPY,2020-05-21T00:17:18.23,7320251,1027904.0,1028500.0,0.4069,0.022000000000000002,1871.51248604,1866.81581069,1027872.0,116427.52094458,6590.19604158
BTC_JPY,2020-05-21T00:20:03.423,7323528,1028006.0,1028499.0,0.05775,0.1,1869.67916776,1872.48533501,1028496.0,116374.97330865,6584.40418177
BTC_JPY,2020-05-21T00:20:08.683,7323623,1028033.0,1028500.0,0.3703,0.434,1870.20091776,1870.35821915,1028500.0,116331.31675118,6580.51951101
BTC_JPY,2020-05-21T00:20:12.993,7323712,1028047.0,1028500.0,0.05,0.434,1873.78704714,1870.32438867,1028500.0,116260.33021435,6577.79484867
BTC_JPY,2020-05-21T00:20:18.78,7323810,1028053.0,1028499.0,0.05,0.0754,1874.21099714,1870.75886866,1028500.0,116221.8932117,6575.44484867
BTC_JPY,2020-05-21T00:20:23.66,7323936,1027870.0,1028496.0,0.1,0.3962,1871.49005309,1873.06514518,1027869.0,116238.95259838,6575.63584867
BTC_JPY,2020-05-21T00:20:28.883,7324099,1027749.0,1028020.0,0.1,0.002,1874.31738196,1872.03204288,1027869.0,116234.62655887,6576.11484867
BTC_JPY,2020-05-21T00:20:34.027,7324223,1027749.0,1027777.0,0.1,0.04,1873.06389209,1872.48140289,1027869.0,116232.39900586,6575.22484867
BTC_JPY,2020-05-21T00:20:38.13,7324323,1027777.0,1028020.0,0.02,0.002,1872.96748209,1871.74455716,1027777.0,116235.67824828,6574.59484867
BTC_JPY,2020-05-21T00:20:43.35,7324460,1027777.0,1028423.0,0.02,0.3661,1876.66223421,1871.40201951,1028020.0,116226.23442128,6573.81422462
BTC_JPY,2020-05-21T00:20:48.947,7324576,1027789.0,1028431.0,0.05991000000000001,0.008,1877.83554408,1870.11762951,1028020.0,116216.71364995,6573.81422462
BTC_JPY,2020-05-21T00:20:54.1,7324693,1027794.0,1028426.0,0.06584,0.1,1878.2100987,1870.27618951,1028020.0,116197.13184343,6571.30742463
BTC_JPY,2020-05-21T00:20:58.637,7324792,1027777.0,1028416.0,0.02,0.4661,1871.9257407,1872.4692695,1028020.0,116170.61823472,6569.51542464
BTC_JPY,2020-05-21T00:21:03.863,7324909,1027777.0,1028403.0,0.02,0.4678,1877.55000057,1872.3103195,1028020.0,116140.60340119,6569.51442464
BTC_JPY,2020-05-21T00:21:08.573,7325030,1027756.0,1028061.0,0.45,0.3652,1872.1055236,1873.99041038,1027756.0,116126.60254328,6569.02442464
BTC_JPY,2020-05-21T00:21:13.36,7325145,1027500.0,1028051.0,0.13728,0.05,1872.38619468,1871.83721148,1027749.0,116088.39285428,6564.43454805
BTC_JPY,2020-05-21T00:21:18.133,7325240,1027500.0,1027751.0,0.13728,0.05,1872.35789468,1872.49971149,1027749.0,116040.12777144,6564.28454595
BTC_JPY,2020-05-21T00:21:23.383,7325349,1027500.0,1027888.0,0.13728,0.15,1872.95153467,1871.3182115,1027749.0,116033.09045473,6563.17250271
BTC_JPY,2020-05-21T00:21:28.223,7325404,1027500.0,1027888.0,0.13728,0.15,1872.70770454,1871.3070115,1027749.0,116027.29363486,6562.57250271
BTC_JPY,2020-05-21T00:21:33.58,7325468,1027500.0,1027888.0,0.13728,0.13,1876.64843454,1871.0473115,1027888.0,116022.97581749,6562.59250271
BTC_JPY,2020-05-21T00:21:38.127,7325528,1027525.0,1027887.0,0.3631,0.05,1877.84773453,1871.0416015,1027888.0,116016.26232382,6562.59250271
BTC_JPY,2020-05-21T00:21:43.513,7325647,1027542.0,1028048.0,0.4131,0.08,1878.22871313,1870.54918984,1027888.0,116016.55578781,6562.30570271
BTC_JPY,2020-05-21T00:21:48.903,7325779,1027583.0,1028266.0,0.21,0.3643,1877.28669313,1871.68999997,1027888.0,116011.31562555,6562.30570271
BTC_JPY,2020-05-21T00:21:54.017,7325901,1027323.0,1027749.0,0.31,0.006,1872.20038807,1871.23388997,1027375.0,116010.43908235,6562.39570232
BTC_JPY,2020-05-21T00:21:58.82,7326013,1027380.0,1027749.0,0.06142,0.006,1874.17413265,1871.34977946,1027375.0,116012.58940357,6562.39570232
BTC_JPY,2020-05-21T00:22:03.027,7326101,1027237.0,1027749.0,0.21,0.006,1873.79119425,1869.89162997,1027226.0,116006.96504825,6562.47970232
BTC_JPY,2020-05-21T00:22:08.667,7326240,1027162.0,1027744.0,0.06366000000000001,0.26028621,1871.12897845,1869.47435606,1027744.0,116002.2872989,6564.50672391
BTC_JPY,2020-05-21T00:22:13.863,7326382,1027744.0,1027749.0,0.05,0.006,1869.83109844,1868.88464541,1027744.0,116002.73662697,6564.50672391
BTC_JPY,2020-05-21T00:22:18.253,7326520,1027185.0,1027749.0,0.1,0.006,1873.72633137,1869.31354554,1027744.0,115997.16769975,6564.55672391
BTC_JPY,2020-05-21T00:25:04.037,7330110,1028303.0,1028800.0,0.25,0.29,1880.02934248,1867.79152992,1028800.0,115934.40670108,6546.97883584
BTC_JPY,2020-05-21T00:25:08.043,7330211,1028311.0,1028799.0,0.30000013,0.3419,1874.76196277,1868.28740369,1028800.0,115935.79780248,6546.77183724
BTC_JPY,2020-05-21T00:25:13.39,7330333,1028324.0,1028799.0,0.31,0.3412,1875.73662368,1868.29238369,1028800.0,115934.27131277,6546.66683724
BTC_JPY,2020-05-21T00:25:18.493,7330429,1028318.0,1029204.0,0.15,0.162,1874.95624318,1868.04172367,1029005.0,115937.91031505,6549.94683724
BTC_JPY,2020-05-21T00:25:24.003,7330540,1028305.0,1029018.0,0.05,0.47249999,1876.53356198,1868.7696199000002,1029005.0,115938.17788416,6549.94683724
BTC_JPY,2020-05-21T00:25:28.72,7330596,1028306.0,1029011.0,0.1,0.15,1880.41033404,1868.63513403,1029005.0,115935.98135232,6548.94683724
BTC_JPY,2020-05-21T00:25:34.007,7330634,1028256.0,1029005.0,0.05621,0.05,1880.20675991,1868.94870403,1029005.0,115921.94418541,6540.94683724
BTC_JPY,2020-05-21T00:25:38.597,7330735,1028263.0,1028994.0,0.3414,0.06287000000000001,1876.17313391,1869.01157403,1029005.0,115924.32384665,6540.94683724
BTC_JPY,2020-05-21T00:25:44.003,7330826,1028246.0,1028987.0,0.4929,0.05,1876.22249991,1869.01151403,1028994.0,115923.71384665,6540.98683724
BTC_JPY,2020-05-21T00:25:48.32,7330922,1028254.0,1028981.0,0.06402000000000001,0.049,1875.88140574,1869.00504573,1028981.0,115923.73236815,6540.98883724
BTC_JPY,2020-05-21T00:25:53.637,7331034,1028264.0,1028975.0,0.05824,0.049,1876.17892574,1868.94770573,1028975.0,115887.57958369,6540.99083724
BTC_JPY,2020-05-21T00:25:58.45,7331131,1028270.0,1028964.0,0.058079999999999986,0.05,1876.07856574,1869.09770573,1029017.0,115874.13418739,6541.19283724
BTC_JPY,2020-05-21T00:26:03.393,7331241,1028245.0,1028969.0,0.4823,0.05,1873.47869978,1869.0491956,1029017.0,115874.48535609,6541.19283724
BTC_JPY,2020-05-21T00:26:08.787,7331360,1028293.0,1029017.0,0.1,0.3346,1873.89294219,1869.23230218,1029017.0,115857.70429705,6541.19283724
BTC_JPY,2020-05-21T00:26:12.293,7331415,1028295.0,1029017.0,0.05,0.3346,1877.27350991,1870.19330218,1029017.0,115823.24275529,6540.27983711
BTC_JPY,2020-05-21T00:26:18.377,7331461,1028301.0,1029017.0,0.15,0.1346,1875.38566219,1871.70395219,1029017.0,115807.45467480001,6540.17983698
BTC_JPY,2020-05-21T00:26:22.657,7331486,1028307.0,1029016.0,0.05,0.3382,1880.26834219,1872.85598219,1029017.0,115807.05162688,6540.15983698
BTC_JPY,2020-05-21T00:26:28.42,7331519,1028312.0,1029015.0,0.06117,0.05,1881.40095219,1872.50515219,1029017.0,115803.17796443,6539.85983685
BTC_JPY,2020-05-21T00:26:33.587,7331570,1028500.0,1029016.0,0.1,0.3382,1879.40639991,1873.6388522,1029017.0,115796.16739238,6538.80983685
BTC_JPY,2020-05-21T00:26:38.767,7331644,1028500.0,1028800.0,0.2,0.02058704,1876.18109403,1873.69663923,1029017.0,115785.89831801,6538.47153464
BTC_JPY,2020-05-21T00:26:43.94,7331713,1028500.0,1028791.0,0.01,0.15,1876.18229936,1874.27823923,1028500.0,115781.38027566,6538.66153464
BTC_JPY,2020-05-21T00:26:48.787,7331816,1028500.0,1028782.0,0.01,0.05,1880.04372932,1874.84081919,1028500.0,115765.54309366,6538.66153464
BTC_JPY,2020-05-21T00:26:54.07,7331938,1028295.0,1028776.0,0.03650699,0.06273,1880.53681631,1873.90054906,1028295.0,115761.15708667,6538.68652765
BTC_JPY,2020-05-21T00:26:58.867,7332001,1028301.0,1028769.0,0.001,0.2,1879.75841631,1874.40424092,1028295.0,115760.07736658,6538.68652765
BTC_JPY,2020-05-21T00:27:03.71,7332069,1028301.0,1028763.0,0.001,0.05,1879.70841631,1873.91068092,1028295.0,115759.05156593,6538.51652765
BTC_JPY,2020-05-21T00:27:08.173,7332149,1028301.0,1028757.0,0.001,0.05,1877.46772288,1873.66531385,1028295.0,115760.19296537,6538.51652765
BTC_JPY,2020-05-21T00:27:13.16,7332254,1028301.0,1028748.0,0.001,0.33299999999999996,1875.31500275,1878.15394385,1028311.0,115773.65243929,6538.51752765
BTC_JPY,2020-05-21T00:27:18.427,7332338,1028295.0,1028745.0,0.03650699,0.05,1877.02870878,1877.02758138,1028311.0,115777.50058164,6538.51752765
BTC_JPY,2020-05-21T00:30:03.96,7335765,1029437.0,1029989.0,0.05,0.04,1879.41506184,1875.23062345,1029987.0,115702.34447116,6531.04350477
BTC_JPY,2020-05-21T00:30:08.443,7335846,1029442.0,1029990.0,0.3336,1.30925,1879.52905284,1877.28069099,1029439.0,115691.14723822,6532.06350377
BTC_JPY,2020-05-21T00:30:13.84,7335950,1029449.0,1029990.0,0.05,1.30925,1878.90676184,1877.91122804,1029439.0,115653.35245619,6528.5495037
BTC_JPY,2020-05-21T00:30:18.963,7336055,1029616.0,1029990.0,0.3329,1.30925,1878.27292285,1875.19593099,1029430.0,115638.26047499,6524.18151542
BTC_JPY,2020-05-21T00:30:23.433,7336143,1029629.0,1029990.0,0.32,1.30925,1877.69417939,1877.01036945,1029430.0,115629.01152192,6523.43151542
BTC_JPY,2020-05-21T00:30:28.987,7336186,1029629.0,1029989.0,0.319,0.2799,1878.23364094,1876.0011874,1029629.0,115632.994084,6523.35251542
BTC_JPY,2020-05-21T00:30:33.693,7336232,1029507.0,1029990.0,0.047,1.30925,1880.56420604,1876.49940624,1029507.0,115614.13346081,6523.35351542
BTC_JPY,2020-05-21T00:30:39.027,7336296,1029508.0,1029984.0,0.05,0.0596,1876.72954274,1876.79499975,1029507.0,115593.98586764,6523.35351542
BTC_JPY,2020-05-21T00:30:43.747,7336377,1029703.0,1029990.0,0.3,1.30925,1877.54982866,1876.28339975,1029703.0,115585.49528839,6523.37351542
BTC_JPY,2020-05-21T00:30:48.5,7336458,1029529.0,1029990.0,0.05,1.30925,1881.25311595,1877.16159948,1029528.0,115571.89231353,6523.37551542
BTC_JPY,2020-05-21T00:30:53.693,7336537,1029569.0,1029990.0,0.1,0.80925,1877.01511595,1876.26586935,1029990.0,115545.87651468,6523.77651542
BTC_JPY,2020-05-21T00:30:58.51,7336654,1029289.0,1029978.0,0.32,0.1,1880.04499207,1876.71112081,1029500.0,115530.87857221,6523.75362829
BTC_JPY,2020-05-21T00:31:03.173,7336768,1029289.0,1029966.0,0.32,0.3,1874.7475079,1876.70533099,1029500.0,115525.98107085,6523.74962829
BTC_JPY,2020-05-21T00:31:09.007,7336946,1028500.0,1028919.0,0.032,0.30000013,1870.07520068,1878.97838147,1028749.0,115531.85110661,6525.24760743
BTC_JPY,2020-05-21T00:31:14.043,7337087,1028611.0,1029017.0,0.2,0.3422,1873.26472866,1877.36984344,1028567.0,115546.9233822,6524.9201073
BTC_JPY,2020-05-21T00:31:18.54,7337220,1028295.0,1029013.0,0.03650699,0.06423999999999999,1871.27797924,1878.54489588,1028567.0,115555.15500135,6524.9201073
BTC_JPY,2020-05-21T00:31:23.307,7337325,1028574.0,1029019.0,0.236,0.2,1871.03444963,1878.29245589,1028574.0,115537.02214184,6524.85535734
BTC_JPY,2020-05-21T00:31:28.507,7337416,1028600.0,1029016.0,0.1,0.3426,1872.30422924,1879.43875601,1028574.0,115532.37835355,6524.73835734
BTC_JPY,2020-05-21T00:31:33.893,7337504,1028600.0,1029018.0,0.2,0.4426,1872.61804868,1879.53498493,1028574.0,115527.96789278,6524.72235734
BTC_JPY,2020-05-21T00:31:38.103,7337565,1028601.0,1029019.0,0.3426,0.1,1871.23082924,1879.10065493,1028574.0,115522.43181463,6523.72235734
BTC_JPY,2020-05-21T00:31:44.03,7337637,1028641.0,1029019.0,0.05,0.1,1872.05024868,1878.69299494,1028574.0,115512.70662004,6523.71335734
BTC_JPY,2020-05-21T00:31:47.457,7337666,1028641.0,1029019.0,0.05,0.1,1872.14852868,1878.69299494,1028574.0,115503.67324537,6523.71335734
BTC_JPY,2020-05-21T00:31:53.847,7337714,1028600.0,1029019.0,0.831,0.1,1876.27961668,1877.67338494,1028574.0,115499.37160732,6523.71335734
BTC_JPY,2020-05-21T00:31:59.01,7337761,1028600.0,1029019.0,0.831,0.1,1872.12366724,1876.66164494,1028574.0,115489.20874176,6522.82477735
BTC_JPY,2020-05-21T00:32:03.187,7337784,1028600.0,1029019.0,0.831,0.1,1872.87940668,1876.67576494,1028574.0,115484.7872563,6522.82477735
BTC_JPY,2020-05-21T00:32:08.573,7337870,1028600.0,1028999.0,0.831,0.43,1877.00570655,1878.69764551,1028574.0,115471.87594255,6522.8059378
BTC_JPY,2020-05-21T00:32:12.897,7337907,1028600.0,1028999.0,0.831,0.3298,1881.36440668,1878.90656495,1028574.0,115472.80876193,6522.8059378
BTC_JPY,2020-05-21T00:32:18.853,7337921,1028600.0,1028999.0,0.831,0.3298,1881.37440668,1877.91956495,1028574.0,115468.18318243,6522.8059378
BTC_JPY,2020-05-21T00:35:03.54,7341414,1030432.0,1030563.0,0.54,2.1,1877.71887562,1863.52160852,1030500.0,115446.13751548,6537.10851687
BTC_JPY,2020-05-21T00:35:08.87,7341566,1030912.0,1031060.0,0.47249999,0.002426,1878.90225475,1863.29586329,1030564.0,115469.71338297,6539.81251687
BTC_JPY,2020-05-21T00:35:13.92,7341702,1030918.0,1031221.0,0.05,0.06485874,1877.68819814,1864.24905458,1030912.0,115494.70724835,6541.53844413
BTC_JPY,2020-05-21T00:35:18.227,7341792,1030563.0,1031217.0,0.02,0.3971,1874.57888593,1866.09875473,1030749.0,115500.22560101,6542.69215412
BTC_JPY,2020-05-21T00:35:23.03,7341901,1030559.0,1031190.0,0.05,0.1,1881.42588418,1865.91080205,1031204.0,115499.53119887,6542.87215412
BTC_JPY,2020-05-21T00:35:28.923,7342002,1030565.0,1031200.0,0.19899999999999998,0.4033,1880.43422418,1864.70418205,1030558.0,115505.79456188,6542.97215412
BTC_JPY,2020-05-21T00:35:33.37,7342106,1030558.0,1031169.0,0.23099999,0.4042,1879.88734429,1864.78990205,1030558.0,115505.42463391,6543.07115412
BTC_JPY,2020-05-21T00:35:38.54,7342280,1029907.0,1030798.0,0.05,0.5479999999999999,1882.53665604,1866.74700204,1030558.0,115516.84984483,6543.79215411
BTC_JPY,2020-05-21T00:35:43.62,7342400,1029915.0,1030780.0,0.0858,0.39799999999999996,1879.39521255,1866.44600204,1030558.0,115518.49026569,6543.79215411
BTC_JPY,2020-05-21T00:35:48.497,7342528,1029925.0,1030738.0,0.1343,0.3962,1882.27890666,1868.82653203,1030754.0,115505.06537762,6543.47525411
BTC_JPY,2020-05-21T00:35:53.7,7342684,1029877.0,1030706.0,0.1941,0.2,1882.03665236,1867.43729615,1030754.0,115507.41571419,6543.47525411
BTC_JPY,2020-05-21T00:35:58.383,7342790,1029888.0,1030690.0,0.3962,0.0488,1882.24584236,1870.1112517000001,1030690.0,115509.45476718,6543.47645411
BTC_JPY,2020-05-21T00:36:03.26,7342877,1029902.0,1030794.0,0.2942,0.3974,1880.35822239,1872.08285169,1030690.0,115490.15394995,6541.67931352
BTC_JPY,2020-05-21T00:36:08.377,7342999,1029918.0,1030759.0,0.31,0.15,1880.7113866999998,1875.36695169,1030690.0,115477.06812562,6539.96931352
BTC_JPY,2020-05-21T00:36:13.85,7343147,1029877.0,1030628.0,1.0,0.3944,1879.88670545,1873.66528169,1030690.0,115471.99848956,6539.96931352
BTC_JPY,2020-05-21T00:36:18.393,7343283,1029750.0,1030588.0,0.3919,0.2,1880.45726545,1873.41096169,1030558.0,115468.89064996,6538.81646292
BTC_JPY,2020-05-21T00:36:23.393,7343440,1029749.0,1030327.0,0.1,0.3947,1882.63261692,1863.21902171,1030560.0,115469.76527244,6538.86646292
BTC_JPY,2020-05-21T00:36:28.903,7343557,1029749.0,1030284.0,0.1,0.2,1880.71676692,1863.8992617,1030560.0,115470.6493925,6538.86546292
BTC_JPY,2020-05-21T00:36:33.137,7343660,1029750.0,1030265.0,0.059000000000000004,0.15,1880.45946624,1864.4397617,1030296.0,115479.68140617,6539.35946292
BTC_JPY,2020-05-21T00:36:38.993,7343823,1029749.0,1030234.0,0.1,0.15,1880.94115793,1864.1338324,1030296.0,115478.79040617,6538.81946292
BTC_JPY,2020-05-21T00:36:43.593,7343937,1029749.0,1030207.0,0.1,0.15,1878.20015793,1863.46983239,1030208.0,115480.04694788,6538.83436292
BTC_JPY,2020-05-21T00:36:48.583,7344060,1029749.0,1030036.0,0.03821,0.040999999999999995,1876.06791793,1863.80373239,1029749.0,115482.37762416,6538.89615292
BTC_JPY,2020-05-21T00:36:53.667,7344192,1030208.0,1030314.0,0.003,0.05,1882.15991166,1862.76572666,1029749.0,115488.02616572,6538.89615292
BTC_JPY,2020-05-21T00:36:58.787,7344311,1029611.0,1030311.0,0.06135,0.15,1881.84216231,1865.34187678,1030208.0,115495.50153354,6538.89915292
BTC_JPY,2020-05-21T00:37:03.247,7344439,1029652.0,1030399.0,0.31,0.040999999999999995,1882.38956218,1863.06787614,1030208.0,115491.53829968,6538.89915292
BTC_JPY,2020-05-21T00:37:08.017,7344549,1029703.0,1030394.0,0.389,0.2,1881.9670715,1863.59565598,1030208.0,115493.33407071,6538.89915292
BTC_JPY,2020-05-21T00:37:14.117,7344671,1029754.0,1030390.0,0.1,0.15,1882.4772515,1863.53397598,1030208.0,115492.27588113,6538.69915292
BTC_JPY,2020-05-21T00:37:18.973,7344784,1029554.0,1030121.0,0.3899,0.091,1882.7418715,1866.40788585,1030208.0,115510.18122048,6538.17877292
BTC_JPY,2020-05-21T00:40:03.863,7347904,1028740.0,1029000.0,1.0,0.09125,1881.52546344,1871.12962751,1028753.0,115420.82367955,6535.54686402
BTC_JPY,2020-05-21T00:40:09.083,7348049,1028848.0,1029520.0,1.0,0.3324,1876.75112977,1872.3657393,1029000.0,115425.46900779,6535.53611402
BTC_JPY,2020-05-21T00:40:13.54,7348190,1028655.0,1029427.0,0.06517,0.3786,1873.72629977,1873.70567942,1029000.0,115433.80389307,6535.53611402
BTC_JPY,2020-05-21T00:40:18.12,7348298,1028646.0,1029377.0,0.31,0.15,1873.9711299000005,1874.41127942,1029000.0,115436.58611417,6535.63611402
BTC_JPY,2020-05-21T00:40:23.523,7348405,1029000.0,1029338.0,0.32,0.05,1875.4121299000005,1873.60488042,1029350.0,115434.57310695,6535.25811302
BTC_JPY,2020-05-21T00:40:28.553,7348512,1028625.0,1029292.0,0.31,0.05795,1874.10732402,1872.48392355,1029000.0,115435.00003805,6535.55011302
BTC_JPY,2020-05-21T00:40:33.293,7348626,1028700.0,1029000.0,0.1,0.005,1874.41988402,1873.79307354,1029000.0,115414.78253827,6534.85281929
BTC_JPY,2020-05-21T00:40:38.497,7348751,1028700.0,1029000.0,0.1,0.005,1874.49071812,1872.57772764,1029000.0,115398.9401809,6534.85181929
BTC_JPY,2020-05-21T00:40:43.53,7348850,1029000.0,1029215.0,0.095,0.06417,1874.97841812,1873.91649763,1029000.0,115391.94907231,6534.85681929
BTC_JPY,2020-05-21T00:40:49.03,7348963,1029000.0,1029482.0,0.195,0.29,1875.70253515,1873.75232764,1029000.0,115393.88080439,6534.84681929
BTC_JPY,2020-05-21T00:40:53.133,7349038,1029000.0,1029452.0,0.195,0.06429,1876.0206697,1871.55961751,1029000.0,115391.6147831,6534.84681929
BTC_JPY,2020-05-21T00:40:58.54,7349170,1029000.0,1029409.0,0.295,0.1886,1874.09636534,1872.49760763,1029000.0,115391.35466203,6534.84681929
BTC_JPY,2020-05-21T00:41:03.653,7349246,1029001.0,1029380.0,0.3785,0.06375,1877.58719079,1870.65107764,1029000.0,115390.90630476,6534.84681929
BTC_JPY,2020-05-21T00:41:08.42,7349334,1029000.0,1029521.0,0.295,0.14,1874.08074534,1869.27882766,1029000.0,115390.85549219,6534.84681929
BTC_JPY,2020-05-21T00:41:13.863,7349418,1029001.0,1029474.0,0.2069,0.15,1874.72580534,1869.34700767,1029001.0,115381.25212485,6534.91681929
BTC_JPY,2020-05-21T00:41:19.113,7349502,1029000.0,1029445.0,0.195,0.1,1875.62541066,1868.87067751,1029001.0,115378.06188546,6534.91681929
BTC_JPY,2020-05-21T00:41:24.04,7349572,1028741.0,1029418.0,0.3765,0.15,1877.42368518,1867.21416751,1029000.0,115377.94776517,6535.01181929
BTC_JPY,2020-05-21T00:41:28.607,7349626,1028739.0,1029404.0,0.3765,0.1,1877.46958518,1867.98710751,1029000.0,115377.89965357,6535.01181929
BTC_JPY,2020-05-21T00:41:33.847,7349710,1028736.0,1029366.0,0.34,0.15,1877.85251518,1868.53626738,1029000.0,115378.77778874,6535.01181929
BTC_JPY,2020-05-21T00:41:38.053,7349806,1028736.0,1029337.0,0.34,0.2737,1875.71209066,1868.83631313,1029000.0,115377.82870003,6535.01181929
BTC_JPY,2020-05-21T00:41:43.427,7349953,1028736.0,1029244.0,0.34,0.0665,1876.40629686,1868.8388277,1029000.0,115382.1715784,6535.01181929
BTC_JPY,2020-05-21T00:41:48.557,7350072,1028700.0,1029170.0,0.005,0.15,1876.76423738,1867.87016409,1028700.0,115384.21957147,6535.44681929
BTC_JPY,2020-05-21T00:41:53.077,7350133,1028700.0,1029133.0,0.005,0.15,1876.545758,1869.33331409,1028700.0,115377.78806713,6535.34681929
BTC_JPY,2020-05-21T00:41:58.5,7350191,1028700.0,1029097.0,0.005,0.15,1876.512078,1868.23357409,1028700.0,115377.11590713,6535.34581929
BTC_JPY,2020-05-21T00:42:03.117,7350239,1028700.0,1029108.0,0.005,0.30000013,1876.472948,1869.18882409,1028700.0,115378.16336296,6535.34581929
BTC_JPY,2020-05-21T00:42:08.273,7350300,1028701.0,1029087.0,0.3633,0.06595,1876.020568,1869.63317407,1028701.0,115374.71216426,6535.35581929
BTC_JPY,2020-05-21T00:42:13.433,7350389,1028701.0,1029258.0,0.3742,0.3606,1875.981148,1869.13382407,1028701.0,115372.48896621,6534.25581929
BTC_JPY,2020-05-21T00:42:18.17,7350492,1028701.0,1029241.0,0.3742,0.3605,1876.036008,1870.07122407,1028701.0,115368.38124864,6534.25581929
BTC_JPY,2020-05-21T00:45:03.243,7353564,1029000.0,1029425.0,0.1148,0.1,1885.18781316,1869.78640748,1029000.0,115349.67772849,6537.22630361
BTC_JPY,2020-05-21T00:45:09.073,7353699,1028700.0,1028800.0,1.305,0.001,1878.29814461,1869.23506301,1028768.0,115355.28458563,6537.35110361
BTC_JPY,2020-05-21T00:45:13.97,7353772,1028701.0,1028981.0,0.3637,0.3,1883.46560908,1868.44365469,1028768.0,115360.95006269998,6537.35110361
BTC_JPY,2020-05-21T00:45:18.363,7353808,1028701.0,1028981.0,0.3637,0.3,1879.42922908,1867.63791469,1028768.0,115351.02176389999,6537.34160361
BTC_JPY,2020-05-21T00:45:23.727,7353831,1028700.0,1028981.0,1.305,0.3,1879.06406908,1868.29775469,1028768.0,115354.61200884,6537.34160361
BTC_JPY,2020-05-21T00:45:28.553,7353861,1028700.0,1028976.0,1.305,0.05984,1882.96889989,1870.20119468,1028768.0,115355.52733213,6537.34160361
BTC_JPY,2020-05-21T00:45:33.7,7353895,1028700.0,1028976.0,1.305,0.050839999999999996,1880.88991919,1869.91846425,1028976.0,115356.29198615,6537.35060361
BTC_JPY,2020-05-21T00:45:38.873,7353950,1028701.0,1028999.0,0.3621,0.30000013,1885.36230361,1869.74926182,1028998.0,115356.11517726,6537.53160256
BTC_JPY,2020-05-21T00:45:42.973,7353997,1028701.0,1028999.0,0.3621,0.30000013,1885.36230361,1869.74991182,1028998.0,115355.68279009,6537.53160256
BTC_JPY,2020-05-21T00:45:48.257,7354047,1028700.0,1029000.0,1.305,0.22,1885.00020361,1869.72417182,1028998.0,115356.13479009,6537.53160256
BTC_JPY,2020-05-21T00:45:53.89,7354103,1028700.0,1028998.0,1.305,0.3621,1884.79586075,1870.82461195,1028998.0,115357.89841688,6537.53160256
BTC_JPY,2020-05-21T00:45:58.247,7354135,1028700.0,1028999.0,1.305,0.50077368,1884.83932088,1869.56465195,1028998.0,115351.60932,6537.53160256
BTC_JPY,2020-05-21T00:46:03.427,7354175,1028800.0,1028998.0,0.05,0.30000013,1885.19632088,1870.95741195,1028998.0,115349.6192764,6537.53160256
BTC_JPY,2020-05-21T00:46:08.773,7354211,1028800.0,1028998.0,0.05,0.30000013,1885.09632088,1870.20941196,1028998.0,115344.75294393,6537.53160256
BTC_JPY,2020-05-21T00:46:13.25,7354243,1028800.0,1028999.0,0.05,0.20077355,1885.09632088,1869.23716183,1028998.0,115321.49974117,6537.53160256
BTC_JPY,2020-05-21T00:46:17.707,7354277,1028800.0,1028999.0,0.05,0.20077355,1885.36472088,1865.96541196,1028998.0,115317.38535284,6537.22171055
BTC_JPY,2020-05-21T00:46:23.773,7354312,1028800.0,1029000.0,0.05,0.22,1885.13686295,1866.90755413,1028998.0,115309.00211442,6536.62171029
BTC_JPY,2020-05-21T00:46:29.02,7354335,1028800.0,1028998.0,0.05,0.05,1868.53686295,1867.36143841,1028998.0,115308.45860321,6536.61071029
BTC_JPY,2020-05-21T00:46:33.857,7354376,1028700.0,1028998.0,0.525,0.05,1863.94399905,1867.48148451,1028700.0,115307.69501002,6537.44071029
BTC_JPY,2020-05-21T00:46:37.813,7354391,1028700.0,1028998.0,0.525,0.05,1868.01399905,1867.48662451,1028700.0,115306.85550002,6537.44071029
BTC_JPY,2020-05-21T00:46:43.077,7354428,1028700.0,1028998.0,0.525,0.05,1868.00491905,1866.99748451,1028701.0,115305.91858516,6536.06071029
BTC_JPY,2020-05-21T00:46:48.707,7354492,1028701.0,1028998.0,0.1467,0.05,1868.00850889,1867.22508436,1028701.0,115308.53389228,6535.96971029
BTC_JPY,2020-05-21T00:46:53.743,7354540,1028701.0,1029000.0,0.1467,0.22,1882.32665889,1870.37548436,1028701.0,115310.90281257,6535.96971029
BTC_JPY,2020-05-21T00:46:58.427,7354618,1028800.0,1028999.0,0.13551,0.1,1879.79835891,1870.04872436,1028195.0,115314.72492039,6540.46971029
BTC_JPY,2020-05-21T00:47:02.093,7354659,1028800.0,1028997.0,0.13551,0.1,1881.89050732,1869.42333269,1028195.0,115316.88857481,6540.46971029
BTC_JPY,2020-05-21T00:47:08.71,7354688,1028800.0,1028997.0,0.13551,0.1,1881.65460732,1870.14448269,1028195.0,115314.91157481,6540.26971029
BTC_JPY,2020-05-21T00:47:13.247,7354762,1028801.0,1028999.0,0.3865,0.1,1881.80049267,1864.67289269,1028195.0,115320.98057481,6540.26971029
BTC_JPY,2020-05-21T00:47:18.347,7354810,1028800.0,1028999.0,0.13551,0.1,1881.43503389,1867.03693268,1028195.0,115312.57697619,6540.13751029
BTC_JPY,2020-05-21T00:50:03.27,7356923,1027788.0,1028125.0,0.1,0.3963,1882.2219069,1868.01094359,1028126.0,115272.66889386,6539.16815318
BTC_JPY,2020-05-21T00:50:08.673,7356958,1027788.0,1028123.0,0.1,0.3975,1882.40061601,1868.50962358,1028126.0,115252.9940839,6537.90915321
BTC_JPY,2020-05-21T00:50:13.197,7356987,1027764.0,1028124.0,0.07999961,0.05,1882.28875601,1866.81512358,1028126.0,115244.36863579,6537.90915321
BTC_JPY,2020-05-21T00:50:17.777,7357027,1027775.0,1028124.0,0.1,0.05,1878.72785601,1869.12533405,1028126.0,115241.39030932,6537.90915321
BTC_JPY,2020-05-21T00:50:23.19,7357060,1027775.0,1028124.0,0.1,0.05,1882.97165601,1868.96544494,1028126.0,115235.54730932,6537.90915321
BTC_JPY,2020-05-21T00:50:28.273,7357182,1027852.0,1028126.0,0.3996,2.374,1882.92330669,1866.68939473,1028126.0,115236.93287296,6537.90915321
BTC_JPY,2020-05-21T00:50:33.35,7357268,1027861.0,1028126.0,0.3976,2.134,1878.99843669,1866.44939473,1028126.0,115237.52201814,6538.14915321
BTC_JPY,2020-05-21T00:50:38.683,7357351,1027863.0,1028126.0,0.1,2.064,1884.13353669,1866.38166473,1028126.0,115236.47569306,6538.21915321
BTC_JPY,2020-05-21T00:50:43.537,7357495,1028255.0,1028890.0,0.1,1.0,1885.60704657,1855.42174495,1028710.0,115246.94709404,6541.06315621
BTC_JPY,2020-05-21T00:50:48.117,7357630,1028705.0,1028890.0,0.02,1.0,1887.1296653,1861.30853433,1028710.0,115244.87819439,6541.06315621
BTC_JPY,2020-05-21T00:50:53.207,7357735,1028705.0,1029012.0,0.02,0.02,1886.0207381,1862.4480242,1028710.0,115241.86313489,6541.16315621
BTC_JPY,2020-05-21T00:50:58.433,7357831,1028705.0,1029012.0,0.02,0.02,1886.1216881,1864.40998433,1028710.0,115239.10413242,6541.16315621
BTC_JPY,2020-05-21T00:51:03.947,7357934,1028707.0,1029012.0,0.4116,0.02,1886.5501381,1862.45014493,1028710.0,115239.48104712,6541.16315621
BTC_JPY,2020-05-21T00:51:08.727,7358055,1028729.0,1029012.0,0.15,0.02,1885.79741889,1860.12264495,1028710.0,115248.61264836,6541.16315621
BTC_JPY,2020-05-21T00:51:13.267,7358193,1029022.0,1029476.0,0.2,0.29100000000000004,1886.67741839,1861.9893448,1029338.0,115250.63575258,6541.29315621
BTC_JPY,2020-05-21T00:51:19.13,7358371,1029095.0,1029608.0,0.1,0.3,1886.4181418,1860.37584037,1029059.0,115255.36500287,6541.73215621
BTC_JPY,2020-05-21T00:51:23.107,7358486,1029062.0,1029579.0,0.15,0.4046,1886.00188492,1864.14600037,1029059.0,115263.60539075,6541.73215621
BTC_JPY,2020-05-21T00:51:28.757,7358620,1029069.0,1029368.0,0.03,0.305,1886.66047492,1864.08492022,1029368.0,115263.96139075,6541.73315621
BTC_JPY,2020-05-21T00:51:34.157,7358701,1029079.0,1029368.0,0.2,0.305,1884.73197492,1865.37914492,1029368.0,115238.1929093,6536.26315621
BTC_JPY,2020-05-21T00:51:38.403,7358756,1029085.0,1029368.0,0.2,0.305,1882.41611703,1866.54018259,1029368.0,115236.4578188,6536.26215621
BTC_JPY,2020-05-21T00:51:43.35,7358803,1029087.0,1029368.0,0.05,0.305,1885.8980695,1866.59700259,1029368.0,115227.79981898,6536.26215621
BTC_JPY,2020-05-21T00:51:48.68,7358881,1029088.0,1029368.0,0.2,0.305,1885.88181717,1866.60236259,1029368.0,115204.23037241,6535.58425621
BTC_JPY,2020-05-21T00:51:53.343,7358947,1029088.0,1029368.0,0.05,0.305,1886.08982717,1865.60361259,1029368.0,115194.42721383,6535.45425621
BTC_JPY,2020-05-21T00:51:58.45,7359062,1028891.0,1029345.0,0.05,0.2,1886.25758642,1865.44581259,1029368.0,115194.18023362,6535.26425621
BTC_JPY,2020-05-21T00:52:03.923,7359185,1029343.0,1029357.0,0.0371213,0.2,1882.24007772,1863.29663259,1029343.0,115186.42540389,6535.40713491
BTC_JPY,2020-05-21T00:52:08.177,7359302,1028811.0,1029547.0,0.4331,0.4047,1884.31984642,1864.41288259,1029343.0,115174.24932894,6535.37103621
BTC_JPY,2020-05-21T00:52:13.427,7359442,1028828.0,1029343.0,0.3314,0.001,1882.41738642,1864.06922259,1029343.0,115169.36582894,6535.37103621
BTC_JPY,2020-05-21T00:52:18.237,7359560,1028841.0,1029343.0,0.2,0.001,1882.26242029,1863.96725646,1029343.0,115171.62278930002,6535.37103621
BTC_JPY,2020-05-21T00:55:03.107,7363263,1029258.0,1029860.0,0.44999999,0.1,1875.45188707,1858.76444864,1029500.0,115107.11364882,6534.14161211
BTC_JPY,2020-05-21T00:55:08.977,7363391,1029261.0,1029828.0,0.31,0.3844,1875.03237404,1860.08902205,1029500.0,115108.54669882,6533.70961211
BTC_JPY,2020-05-21T00:55:13.57,7363491,1029500.0,1029801.0,0.5,0.1,1879.44279404,1859.92928205,1029500.0,115108.096246,6533.70961211
BTC_JPY,2020-05-21T00:55:18.043,7363548,1029500.0,1029850.0,0.5,0.1,1877.47009404,1859.07530205,1029801.0,115104.39634896,6532.80761211
BTC_JPY,2020-05-21T00:55:23.78,7363613,1029500.0,1029834.0,0.5,0.1,1881.47009404,1859.79568205,1029850.0,115102.36306987,6532.90761211
BTC_JPY,2020-05-21T00:55:28.35,7363713,1029500.0,1029829.0,0.5,0.05632,1881.46109404,1860.16280205,1029850.0,115102.75276885,6532.89761211
BTC_JPY,2020-05-21T00:55:33.597,7363813,1029500.0,1030072.0,0.5,0.57057355,1880.78907676,1860.3514555999998,1029850.0,115102.51504782,6532.89761211
BTC_JPY,2020-05-21T00:55:38.897,7363941,1029500.0,1030017.0,0.5,0.3798,1881.01786338,1860.4014555999997,1029850.0,115101.78355424,6532.90761211
BTC_JPY,2020-05-21T00:55:43.663,7364022,1029801.0,1029845.0,0.0017,0.06346,1877.02578339,1860.24894205,1029850.0,115102.33985356,6532.90761211
BTC_JPY,2020-05-21T00:55:48.653,7364084,1029500.0,1030064.0,0.5,0.51937355,1880.65540664,1857.6659956,1029850.0,115100.96187045,6532.95931211
BTC_JPY,2020-05-21T00:55:54.003,7364168,1029225.0,1029987.0,0.1,0.1,1880.60024339,1857.70404494,1029850.0,115092.77681960001,6532.25931198
BTC_JPY,2020-05-21T00:55:58.173,7364251,1029225.0,1029976.0,0.1,0.3806,1880.56371339,1856.18960835,1029850.0,115090.1817016,6532.25931198
BTC_JPY,2020-05-21T00:56:03.333,7364346,1029226.0,1029960.0,0.3795,0.15,1876.94465339,1856.67928496,1029850.0,115089.47010620001,6532.24931198
BTC_JPY,2020-05-21T00:56:08.85,7364432,1029226.0,1029948.0,0.3795,0.05,1880.91305339,1856.01174497,1029850.0,115089.94140386,6532.24931198
BTC_JPY,2020-05-21T00:56:13.01,7364525,1029226.0,1029962.0,0.3795,0.14077355,1880.91305339,1855.89474497,1029850.0,115086.33540386,6531.17331198
BTC_JPY,2020-05-21T00:56:18.67,7364582,1029226.0,1029850.0,0.3795,0.1,1880.62826614,1857.16964142,1029850.0,115085.86160328,6531.17331198
BTC_JPY,2020-05-21T00:56:23.367,7364639,1029246.0,1029844.0,0.2,0.05,1881.08894614,1854.71066467,1029850.0,115086.67433076,6531.17331198
BTC_JPY,2020-05-21T00:56:28.633,7364705,1029316.0,1029849.0,0.2,0.01,1881.04579614,1856.55811143,1029850.0,115086.54716486,6531.17331198
BTC_JPY,2020-05-21T00:56:33.883,7364880,1030449.0,1030500.0,0.02,0.02,1882.2997134,1848.95317887,1030449.0,115091.05928291,6529.13469216
BTC_JPY,2020-05-21T00:56:38.377,7364966,1029926.0,1030499.0,1.0,0.14077355,1882.39999909,1850.90271836,1030226.0,115039.06055735,6518.06282322
BTC_JPY,2020-05-21T00:56:43.69,7365106,1029927.0,1030478.0,0.061,0.1,1880.44614781,1854.1220134,1030226.0,115019.45463235,6515.45227596
BTC_JPY,2020-05-21T00:56:48.753,7365246,1029855.0,1030477.0,0.3725,0.166,1877.37829922,1853.36706468,1030226.0,115016.72085828,6515.45227596
BTC_JPY,2020-05-21T00:56:54.047,7365367,1029991.0,1030500.0,0.57,0.02,1877.88163066,1852.78001327,1030401.0,115008.52527653,6515.36381292
BTC_JPY,2020-05-21T00:56:58.37,7365478,1029991.0,1030494.0,0.57,0.0656,1876.40301066,1854.31915996,1030401.0,115014.91921484,6515.33381292
BTC_JPY,2020-05-21T00:57:03.977,7365601,1029991.0,1030417.0,0.57,0.32,1881.45832221,1858.94176996,1030401.0,115007.27151238,6515.29381292
BTC_JPY,2020-05-21T00:57:08.163,7365651,1029991.0,1030412.0,0.57,0.062439999999999996,1881.71691221,1859.25797836,1030401.0,115003.62896802,6515.29381292
BTC_JPY,2020-05-21T00:57:13.423,7365755,1029991.0,1030402.0,0.57,0.05,1880.00753211,1861.10901996,1030401.0,115002.35309956,6515.29381292
BTC_JPY,2020-05-21T00:57:18.53,7365898,1029854.0,1030396.0,0.095417,0.2403,1878.07087036,1858.93915996,1029854.0,115002.75628870001,6515.49839592
BTC_JPY,2020-05-21T01:00:03.96,7369317,1030003.0,1030500.0,0.05,0.82,1881.06544796,1860.62167711,1030059.0,115081.55176762,6519.75364934
BTC_JPY,2020-05-21T01:00:08.367,7369438,1030034.0,1030500.0,0.3852,0.82,1882.15320898,1856.82223815,1030059.0,115057.049515,6518.75270726
BTC_JPY,2020-05-21T01:00:13.81,7369560,1030049.0,1030500.0,0.4842,0.82,1876.09033898,1856.90418815,1030059.0,115053.40044669,6518.72070726
BTC_JPY,2020-05-21T01:00:18.717,7369663,1030104.0,1030500.0,0.05,0.82,1880.57985898,1855.35418815,1030165.0,115053.0203927,6518.76050727
BTC_JPY,2020-05-21T01:00:22.943,7369738,1030061.0,1030500.0,0.4891,0.82,1881.40104462,1857.41422966,1030165.0,115053.72434148,6518.76050727
BTC_JPY,2020-05-21T01:00:28.22,7369838,1030075.0,1030500.0,0.3892,0.82,1881.46192236,1858.90422966,1030073.0,115047.05607218,6518.86050727
BTC_JPY,2020-05-21T01:00:33.953,7369949,1030087.0,1030500.0,0.2,0.82,1880.74166649,1858.75422966,1030073.0,115047.64765474,6518.75050727
BTC_JPY,2020-05-21T01:00:38.62,7370033,1030097.0,1030500.0,0.25,0.8,1881.62991669,1858.29321379,1030165.0,115048.23853525,6518.83850727
BTC_JPY,2020-05-21T01:00:43.237,7370144,1030107.0,1030492.0,0.18070153,0.3747,1879.81645815,1860.25752795,1030060.0,115065.98337842,6519.58166885
BTC_JPY,2020-05-21T01:00:49.12,7370234,1029691.0,1030486.0,0.45,0.3726,1879.64339144,1860.78727861,1030107.0,115057.39875947,6519.75046838
BTC_JPY,2020-05-21T01:00:53.947,7370349,1029699.0,1030480.0,0.2054,0.3738,1878.33533144,1860.67498861,1030107.0,115053.86804168,6519.75046838
BTC_JPY,2020-05-21T01:00:58.427,7370430,1029695.0,1030058.0,0.05,0.06,1880.27301144,1860.67248862,1030107.0,115051.81832622,6519.75046838
BTC_JPY,2020-05-21T01:01:03.96,7370481,1030000.0,1030058.0,0.01002,0.017,1880.04401144,1860.50948862,1030058.0,115050.25366301,6519.79346838
BTC_JPY,2020-05-21T01:01:08.017,7370545,1030000.0,1030058.0,0.01002,0.017,1880.08741144,1860.07756862,1030058.0,115048.53201301,6519.78346838
BTC_JPY,2020-05-21T01:01:13.407,7370608,1030000.0,1030058.0,0.01002,0.017,1880.24193131,1862.57706862,1030058.0,115034.45947552,6519.32156836
BTC_JPY,2020-05-21T01:01:18.503,7370700,1030000.0,1030058.0,0.01002,0.017,1881.20931901,1861.07381607,1030058.0,115031.28113411,6518.88383836
BTC_JPY,2020-05-21T01:01:24.003,7370768,1030002.0,1030059.0,0.05,0.45,1881.12231901,1861.3739662,1030059.0,115028.94159922,6518.95083836
BTC_JPY,2020-05-21T01:01:28.28,7370821,1029828.0,1030000.0,0.05,0.67894761,1881.56750796,1861.74315276,1030000.0,115027.60383184,6519.18989075
BTC_JPY,2020-05-21T01:01:33.927,7370874,1029859.0,1030000.0,1.0,0.55694761,1879.55140796,1861.62115276,1030000.0,115026.22332936,6519.31189075
BTC_JPY,2020-05-21T01:01:38.247,7370935,1029712.0,1030000.0,1.0,0.55694761,1880.99240783,1860.70171262,1030000.0,115027.18234705,6519.11189075
BTC_JPY,2020-05-21T01:01:43.873,7370971,1029713.0,1030000.0,0.05,0.55694761,1880.33799796,1861.97827275,1030000.0,115027.80535501,6519.11189075
BTC_JPY,2020-05-21T01:01:48.24,7371011,1029716.0,1030000.0,0.05,0.55694761,1879.95318121,1861.60777275,1030000.0,115027.94990155,6519.11189075
BTC_JPY,2020-05-21T01:01:53.643,7371091,1029721.0,1030000.0,0.2,0.70694761,1879.87084121,1861.78404275,1030000.0,115027.10634655,6518.60713575
BTC_JPY,2020-05-21T01:01:58.113,7371133,1029726.0,1029999.0,0.05,0.3713,1879.75729121,1861.98699275,1030000.0,115029.19604655,6518.61713575
BTC_JPY,2020-05-21T01:02:03.14,7371221,1029726.0,1030000.0,0.05,0.69694761,1883.42034121,1860.74865376,1030000.0,115028.2313022,6518.01713575
BTC_JPY,2020-05-21T01:02:08.803,7371319,1029726.0,1030000.0,0.05,0.69694761,1883.25419121,1860.44013376,1030000.0,115024.39264527,6518.00713575
BTC_JPY,2020-05-21T01:02:13.297,7371388,1029588.0,1029999.0,0.15,0.1,1882.19299108,1860.85865376,1029587.0,115017.87733547,6518.52713575
BTC_JPY,2020-05-21T01:02:18.267,7371474,1029639.0,1029999.0,0.2,0.09,1882.66249108,1860.44815376,1029999.0,115014.03426996,6518.53713575
BTC_JPY,2020-05-21T01:05:03.437,7374115,1028229.0,1028748.0,0.1,0.01889432,1876.60650512,1863.97866556,1028748.0,115172.90388414,6526.52294369
BTC_JPY,2020-05-21T01:05:08.263,7374191,1028230.0,1028748.0,0.15,0.01889432,1877.44815358,1863.26888403,1028748.0,115168.06562546,6526.42294369
BTC_JPY,2020-05-21T01:05:13.277,7374325,1028269.0,1028748.0,0.2,0.00252532,1879.30900357,1865.22519502,1028748.0,115165.73519334,6526.40931269
BTC_JPY,2020-05-21T01:05:18.447,7374442,1028314.0,1028748.0,0.2,0.00252532,1880.19645357,1866.24869501,1028748.0,115164.24995253,6526.40931269
BTC_JPY,2020-05-21T01:05:23.963,7374572,1028329.0,1029026.0,0.1,0.16,1880.06721357,1866.82778969,1028748.0,115162.15932574,6526.73131269
BTC_JPY,2020-05-21T01:05:28.503,7374653,1028370.0,1029027.0,0.1,0.05,1879.75351357,1866.82658969,1028748.0,115157.19232574,6526.73031269
BTC_JPY,2020-05-21T01:05:33.4,7374753,1028300.0,1029005.0,0.1,0.05,1880.23145079,1867.24928691,1028748.0,115151.6654121,6526.73031269
BTC_JPY,2020-05-21T01:05:38.687,7374901,1028368.0,1029204.0,0.616,0.05,1881.63374078,1865.91702691,1028748.0,115156.1365363,6526.50831069
BTC_JPY,2020-05-21T01:05:43.567,7375012,1028399.0,1029224.0,0.366,0.3,1881.44414078,1866.17832691,1028748.0,115152.90200094,6526.49830969
BTC_JPY,2020-05-21T01:05:49.007,7375143,1028508.0,1029223.0,0.2,0.05,1880.91774078,1865.87939278,1028748.0,115149.35438546,6526.47131269
BTC_JPY,2020-05-21T01:05:53.747,7375265,1028549.0,1029211.0,0.2,0.059379999999999995,1881.07049078,1866.53974291,1028748.0,115152.49538572,6526.43131269
BTC_JPY,2020-05-21T01:05:58.193,7375388,1028477.0,1029196.0,0.358,0.06554,1881.38449078,1866.39260291,1028748.0,115138.95285604,6525.90751269
BTC_JPY,2020-05-21T01:06:03.35,7375510,1028489.0,1029224.0,0.099,0.3,1881.24305078,1866.27401291,1028748.0,115138.65189672,6525.90751269
BTC_JPY,2020-05-21T01:06:08.833,7375597,1028524.0,1029222.0,0.2,0.05,1880.66846065,1866.69119291,1028748.0,115131.29494237,6525.90751269
BTC_JPY,2020-05-21T01:06:13.82,7375682,1028524.0,1029213.0,0.1,0.06072,1880.86074079,1865.54808292,1028748.0,115131.47622160001,6525.89751269
BTC_JPY,2020-05-21T01:06:18.427,7375777,1028528.0,1029195.0,0.099,0.0617,1881.29429079,1864.94883081,1028748.0,115132.65277745,6525.86901269
BTC_JPY,2020-05-21T01:06:23.683,7375912,1028524.0,1029182.0,0.2,0.1113,1881.29829079,1865.20463293,1028748.0,115129.45328428,6525.86901269
BTC_JPY,2020-05-21T01:06:28.31,7376019,1028500.0,1029172.0,0.115,0.0588,1880.4914408,1865.15236293,1028748.0,115129.85554313,6525.86901269
BTC_JPY,2020-05-21T01:06:33.17,7376135,1028501.0,1029161.0,0.3657,0.2626,1880.5556307999998,1865.79886292,1028748.0,115129.99254313,6525.86901269
BTC_JPY,2020-05-21T01:06:38.27,7376249,1028507.0,1029155.0,0.3657,0.056139999999999995,1880.4726308,1865.59990292,1028748.0,115129.45342646,6525.86901269
BTC_JPY,2020-05-21T01:06:43.853,7376390,1028500.0,1029139.0,0.115,0.15,1880.02726868,1865.95163292,1028748.0,115131.95874872,6525.86901269
BTC_JPY,2020-05-21T01:06:48.57,7376524,1028748.0,1029130.0,0.13870283,0.35,1879.91670363,1866.55236291,1028748.0,115136.44547112,6525.93030986
BTC_JPY,2020-05-21T01:06:53.88,7376601,1028748.0,1029116.0,0.13870283,0.15,1880.70730363,1866.58936291,1028748.0,115137.97157554,6525.93030986
BTC_JPY,2020-05-21T01:06:58.227,7376654,1028748.0,1029105.0,0.13870283,0.0696,1880.44634363,1864.12777291,1028748.0,115136.64940639999,6525.89030986
BTC_JPY,2020-05-21T01:07:03.297,7376777,1028500.0,1028953.0,0.10403283,0.32,1879.73680363,1863.84373291,1028500.0,115143.6696203,6526.03997986
BTC_JPY,2020-05-21T01:07:08.467,7376879,1028500.0,1028948.0,0.10403283,0.04649,1879.99385202,1864.1547913,1028948.0,115143.20157191,6526.33117986
BTC_JPY,2020-05-21T01:07:13.177,7376973,1028194.0,1028940.0,0.099,0.2485,1880.74635919,1863.8349813000002,1028240.0,115139.95887191,6526.69847986
BTC_JPY,2020-05-21T01:07:18.117,7377064,1028195.0,1028934.0,0.099,0.2704,1880.82506919,1863.9342513,1028195.0,115140.98771973,6526.70847986
BTC_JPY,2020-05-21T01:10:03.73,7379917,1028500.0,1028941.0,0.02,0.01,1896.63155758,1860.83559897,1028809.0,115111.14500003,6527.19888064
BTC_JPY,2020-05-21T01:10:08.897,7379972,1028500.0,1028935.0,0.02,0.06356,1897.17752285,1863.35050641,1028809.0,115110.28814834,6527.19697911
BTC_JPY,2020-05-21T01:10:13.243,7380016,1028500.0,1028934.0,0.02,0.05,1897.08252285,1863.5423691,1028809.0,115105.06537144,6524.92008711
BTC_JPY,2020-05-21T01:10:18,7380044,1028500.0,1028929.0,0.02,0.05,1897.4620771,1863.9987491,1028809.0,115092.38202357,6524.92008711
BTC_JPY,2020-05-21T01:10:23.69,7380088,1028500.0,1028923.0,0.02,0.05,1896.91407538,1863.99580738,1028809.0,115084.95492653,6524.72008711
BTC_JPY,2020-05-21T01:10:28.477,7380169,1028500.0,1028940.0,0.02,0.05,1897.23098525,1863.77639738,1028809.0,115083.90809324,6524.72008711
BTC_JPY,2020-05-21T01:10:33.9,7380288,1028550.0,1029130.0,0.4441,0.01,1892.59847525,1862.25539738,1028981.0,115057.07181665,6522.71758811
BTC_JPY,2020-05-21T01:10:38.13,7380391,1028567.0,1029130.0,0.4434,0.01,1896.21921582,1860.46235738,1028981.0,115052.15380523,6522.61758811
BTC_JPY,2020-05-21T01:10:43.38,7380499,1028548.0,1029127.0,0.1,0.3956,1896.60231639,1862.88556278,1028981.0,115043.22041924,6521.61758811
BTC_JPY,2020-05-21T01:10:48.447,7380585,1028510.0,1029113.0,0.3,0.3456,1897.13065439,1863.51039291,1028981.0,115040.97921924,6521.35338811
BTC_JPY,2020-05-21T01:10:53.93,7380706,1028569.0,1029104.0,0.159,0.049,1897.33826439,1863.03295856,1029104.0,115038.74709966,6520.88438811
BTC_JPY,2020-05-21T01:10:58.24,7380780,1028568.0,1029100.0,0.3,0.06484,1897.23618439,1863.00820291,1029104.0,115037.27929941,6520.88438811
BTC_JPY,2020-05-21T01:11:03.557,7380862,1028570.0,1029126.0,0.1,0.15,1897.49899165,1862.47900802,1029128.0,115030.01183,6521.04438811
BTC_JPY,2020-05-21T01:11:08.213,7380961,1028568.0,1028998.0,0.3,0.05,1896.44934165,1862.41378017,1029128.0,115029.34347806,6520.64538811
BTC_JPY,2020-05-21T01:11:13.69,7381069,1028568.0,1028978.0,0.3,0.2,1897.47768165,1862.90518017,1029128.0,115031.27046651,6520.63538811
BTC_JPY,2020-05-21T01:11:18.543,7381156,1028568.0,1028965.0,0.3,0.05,1896.75781506,1862.57912017,1028973.0,115028.04824051,6520.63316211
BTC_JPY,2020-05-21T01:11:22.753,7381214,1028500.0,1028959.0,0.02,0.05,1894.60781506,1863.39232953,1028809.0,115029.50831018,6520.93551911
BTC_JPY,2020-05-21T01:11:28.81,7381260,1028500.0,1028903.0,0.02,0.2,1887.91624058,1863.2219054,1028809.0,115022.82931018,6520.93551911
BTC_JPY,2020-05-21T01:11:33.41,7381306,1028500.0,1028896.0,0.12,0.2,1890.59639994,1863.08856553,1028809.0,115017.14852802,6520.83551911
BTC_JPY,2020-05-21T01:11:38.067,7381332,1028500.0,1028891.0,0.22,0.2,1894.36507897,1864.01838553,1028809.0,115013.68042227,6520.83051911
BTC_JPY,2020-05-21T01:11:43.637,7381416,1028741.0,1028879.0,3.28,0.05,1897.68428994,1864.75785456,1028741.0,115021.93533152,6526.80251911
BTC_JPY,2020-05-21T01:11:48.68,7381464,1028741.0,1028872.0,3.178,0.15,1897.39230033,1865.08455605,1028741.0,115024.55021636,6526.88451911
BTC_JPY,2020-05-21T01:11:53.327,7381507,1028741.0,1028865.0,3.178,0.05,1908.63730046,1864.44038605,1028741.0,115023.70331636,6526.36451911
BTC_JPY,2020-05-21T01:11:58.993,7381545,1028741.0,1028859.0,1.9310797,0.05,1907.32038016,1864.75337605,1028741.0,115013.19215032,6527.61143941
BTC_JPY,2020-05-21T01:12:03.09,7381610,1028676.0,1028856.0,10.14900074,0.4188,1904.16299971,1864.78990377,1028676.0,115015.92424932,6530.15351837
BTC_JPY,2020-05-21T01:12:08.78,7381695,1028676.0,1028764.0,7.08731072,0.05,1901.92708124,1864.41055396,1028676.0,115017.01021921,6532.79620826
BTC_JPY,2020-05-21T01:12:13.21,7381744,1028676.0,1028761.0,6.57649072,0.193,1901.11224124,1864.23172396,1028676.0,115017.31881747,6533.29402826
BTC_JPY,2020-05-21T01:12:18.943,7381831,1028676.0,1028755.0,6.44392072,0.05,1900.86987969,1863.74131383,1028676.0,115017.17278747,6533.42659826
BTC_JPY,2020-05-21T01:15:03.11,7385013,1028915.0,1029320.0,0.2,0.02,1877.89933109,1881.75481254,1028658.0,115034.06473861,6560.98521083
BTC_JPY,2020-05-21T01:15:08.58,7385135,1028947.0,1029320.0,0.4652,0.02,1878.28553109,1884.09891688,1028658.0,115034.25908161,6560.98521083
BTC_JPY,2020-05-21T01:15:13.8,7385231,1028977.0,1029320.0,0.1,0.02,1876.78453109,1884.30025254,1028658.0,115025.04488930001,6560.58521083
BTC_JPY,2020-05-21T01:15:18.29,7385347,1028698.0,1029314.0,0.06327999999999999,0.3591,1870.92282948,1886.29332688,1028920.0,115020.53998179,6560.8690202
BTC_JPY,2020-05-21T01:15:23.247,7385454,1028709.0,1029304.0,0.2,0.3597,1875.9277995999998,1885.81903633,1028920.0,115015.63609016,6560.8690202
BTC_JPY,2020-05-21T01:15:29,7385522,1028639.0,1028999.0,0.2,0.15,1876.27752126,1899.60531082,1028920.0,115008.78228607,6560.6490201999995
BTC_JPY,2020-05-21T01:15:33.847,7385596,1028588.0,1028994.0,0.2,0.5116,1877.15352124,1899.62889254,1028920.0,115004.57639394,6560.6490201999995
BTC_JPY,2020-05-21T01:15:38.18,7385643,1028600.0,1028989.0,0.02,0.05,1877.67952124,1899.61993082,1029191.0,115003.62569142,6561.8690202
BTC_JPY,2020-05-21T01:15:43.25,7385698,1028920.0,1028989.0,0.009000000000000001,0.2,1877.29647786,1901.34962082,1028920.0,114994.14910848,6561.8700202
BTC_JPY,2020-05-21T01:15:48.193,7385762,1028920.0,1028989.0,0.008,0.2,1877.26237786,1901.37878082,1028920.0,114992.17712066,6561.8710202
BTC_JPY,2020-05-21T01:15:53.253,7385820,1028920.0,1029319.0,0.008,0.15,1877.57987774,1896.98475254,1028989.0,114997.33327791,6561.9210202
BTC_JPY,2020-05-21T01:15:58.547,7385921,1028920.0,1029319.0,0.008,0.2,1878.44461445,1897.40562254,1028989.0,114997.17400135,6561.9210202
BTC_JPY,2020-05-21T01:16:03.253,7386010,1028920.0,1029317.0,0.008,0.2,1876.93367378,1899.61815015,1028989.0,114996.43598148,6561.9210202
BTC_JPY,2020-05-21T01:16:08.68,7386114,1028920.0,1029309.0,0.008,0.05,1876.06410379,1900.75246015,1028989.0,114996.99790177,6561.9210202
BTC_JPY,2020-05-21T01:16:13.49,7386250,1029016.0,1029609.0,0.02,0.15,1878.649808,1897.97959467,1029542.0,115024.2101778,6561.9410202
BTC_JPY,2020-05-21T01:16:18.413,7386297,1029016.0,1029608.0,0.02,0.2,1878.37508921,1899.57075467,1029005.0,115021.40227959,6561.9910202
BTC_JPY,2020-05-21T01:16:24.233,7386394,1029031.0,1029606.0,0.1,0.2,1877.15311396,1899.92145467,1029609.0,115025.03355912,6562.2910202
BTC_JPY,2020-05-21T01:16:29.097,7386503,1029016.0,1029561.0,0.1,0.2,1878.11399587,1899.82584432,1029609.0,115020.81774431,6562.2910202
BTC_JPY,2020-05-21T01:16:33.97,7386571,1028931.0,1029603.0,0.1,0.3538,1873.75599587,1899.54481254,1029556.0,115017.76149794,6562.4910202
BTC_JPY,2020-05-21T01:16:38.23,7386632,1028950.0,1029595.0,0.1,0.3546,1878.25200406,1899.84454251,1029556.0,115012.65627698,6562.1700202
BTC_JPY,2020-05-21T01:16:44.017,7386738,1028971.0,1029583.0,0.06384,0.3546,1859.49584406,1897.82184251,1029556.0,115012.26883454,6562.1700202
BTC_JPY,2020-05-21T01:16:48.69,7386806,1028931.0,1029579.0,0.1,0.05,1857.30200406,1897.88637251,1029556.0,115016.64783454,6562.1700202
BTC_JPY,2020-05-21T01:16:53.397,7386903,1028978.0,1029574.0,0.07,0.05,1861.46050406,1897.68905251,1029556.0,115014.96398221,6562.1700202
BTC_JPY,2020-05-21T01:16:59.073,7387036,1028921.0,1029517.0,0.2571,0.3522,1860.20921408,1900.67645251,1029556.0,114993.74101929,6562.1700202
BTC_JPY,2020-05-21T01:17:04.063,7387125,1028955.0,1029517.0,0.2559,0.2,1878.61810411,1900.41125251,1029556.0,114991.43161989999,6562.1600202
BTC_JPY,2020-05-21T01:17:08.1,7387193,1028987.0,1029515.0,0.1,0.05,1878.70896408,1901.35826251,1029556.0,114985.90338342,6562.1600202
BTC_JPY,2020-05-21T01:17:13.243,7387283,1029026.0,1029514.0,0.1,0.05,1878.64590408,1900.96355238,1029556.0,114985.24614429,6562.1500202
BTC_JPY,2020-05-21T01:17:18.22,7387389,1028941.0,1029514.0,0.3522,0.05,1879.62970408,1901.15426251,1029556.0,114978.8550164,6562.0500202
BTC_JPY,2020-05-21T01:20:03.527,7390557,1028264.0,1028613.0,0.1,0.05,1870.68402657,1899.88555426,1028614.0,114898.28047005,6559.73638791
BTC_JPY,2020-05-21T01:20:09.077,7390651,1028264.0,1028613.0,0.1,0.05,1872.00929657,1900.00854426,1028614.0,114896.93734141,6559.73638791
BTC_JPY,2020-05-21T01:20:13.863,7390750,1028119.0,1028613.0,0.3137,0.04,1871.96285657,1898.25103426,1028613.0,114894.90734141,6559.74638791
BTC_JPY,2020-05-21T01:20:18.547,7390809,1028153.0,1028613.0,0.1,0.04,1872.63847657,1898.09014864,1028613.0,114893.4858259,6559.73624791
BTC_JPY,2020-05-21T01:20:23.1,7390859,1028148.0,1028612.0,0.05629,0.3439,1871.52858896,1898.18080441,1028613.0,114892.9058259,6559.73624791
BTC_JPY,2020-05-21T01:20:28.857,7390970,1028119.0,1028600.0,0.07,0.50584234,1870.60365553,1898.89293097,1028613.0,114896.77079916,6559.73624791
BTC_JPY,2020-05-21T01:20:33.773,7391123,1028118.0,1028513.0,0.040003,0.05,1864.17411493,1897.45934097,1028118.0,114899.52011369,6560.34624491
BTC_JPY,2020-05-21T01:20:38.257,7391235,1028118.0,1028453.0,0.020005,0.25,1866.67811693,1899.8245376,1028118.0,114897.96363841,6560.23272148
BTC_JPY,2020-05-21T01:20:43.767,7391377,1027764.0,1028078.0,0.07999961,0.15,1870.52905171,1899.92044421,1027847.0,114897.76370554,6560.14272648
BTC_JPY,2020-05-21T01:20:48.95,7391464,1027500.0,1028068.0,0.34490325,0.3929,1869.59904937,1900.50366433,1027500.0,114896.98102385,6560.64272648
BTC_JPY,2020-05-21T01:20:54.053,7391602,1027500.0,1027837.0,0.144928,0.34,1859.59032934,1900.12944335,1027500.0,114909.61620453,6559.84270173
BTC_JPY,2020-05-21T01:20:58.727,7391716,1027715.0,1027888.0,0.002,0.1,1864.44472934,1900.17451862,1027822.0,114915.33803232,6559.89270173
BTC_JPY,2020-05-21T01:21:03.457,7391824,1027715.0,1028083.0,0.002,0.2,1866.68886905,1901.97917292,1027889.0,114922.82310095,6560.31270173
BTC_JPY,2020-05-21T01:21:08.41,7391933,1027715.0,1028081.0,0.002,0.2,1867.05547905,1901.18497305,1027889.0,114923.08651521,6560.31270173
BTC_JPY,2020-05-21T01:21:13.11,7392019,1027715.0,1028075.0,0.002,0.2,1868.22458905,1901.49217305,1027889.0,114921.44530377,6560.31270173
BTC_JPY,2020-05-21T01:21:18.147,7392089,1027715.0,1027888.0,0.002,0.05,1868.01666905,1901.20297305,1027889.0,114917.06530377,6560.01270173
BTC_JPY,2020-05-21T01:21:23.94,7392182,1027500.0,1027883.0,0.2449282,0.15,1868.53826925,1901.10487305,1027500.0,114921.76930357,6559.83670153
BTC_JPY,2020-05-21T01:21:28.323,7392267,1027500.0,1027863.0,0.2349282,0.3406,1868.59101468,1902.45394304,1027500.0,114928.5438549,6559.84670153
BTC_JPY,2020-05-21T01:21:33.397,7392367,1027300.0,1027689.0,0.01,0.2,1869.37515134,1900.36033335,1027500.0,114931.17902947,6560.08162973
BTC_JPY,2020-05-21T01:21:38.333,7392472,1027300.0,1027499.0,0.01,0.2,1868.54083409,1902.52184333,1027500.0,114933.06100924,6560.15162973
BTC_JPY,2020-05-21T01:21:43.57,7392539,1027300.0,1027500.0,0.01,0.13797301,1870.86751409,1903.11280634,1027500.0,114927.14526382,6560.22165672
BTC_JPY,2020-05-21T01:21:48.753,7392585,1027300.0,1027500.0,0.01,0.13797301,1870.71504396,1903.17156635,1027500.0,114912.03304937,6560.22165672
BTC_JPY,2020-05-21T01:21:54.013,7392631,1027300.0,1027525.0,0.01,0.8,1867.77767409,1900.17581861,1027500.0,114915.90515826,6560.31962973
BTC_JPY,2020-05-21T01:21:58.653,7392675,1027300.0,1027525.0,0.01,0.8,1864.29367409,1900.20683334,1027500.0,114914.03882304,6560.30962973
BTC_JPY,2020-05-21T01:22:02.767,7392695,1027300.0,1027525.0,0.01,0.8,1868.29397409,1900.76649334,1027500.0,114912.37607086,6560.26962973
BTC_JPY,2020-05-21T01:22:08.933,7392750,1027300.0,1027525.0,0.01,0.8,1868.89857396,1902.66510334,1027500.0,114906.23743844,6560.26962973
BTC_JPY,2020-05-21T01:22:13.967,7392794,1027300.0,1027525.0,0.01,0.8,1867.50582409,1905.64020332,1027500.0,114892.06976164,6553.95235116
BTC_JPY,2020-05-21T01:22:18.857,7392845,1027300.0,1027500.0,0.01,0.0201,1868.98837409,1905.59463332,1027500.0,114888.85177249998,6553.95235116
BTC_JPY,2020-05-21T01:25:03.56,7394646,1027525.0,1027889.0,2.5195,0.05839,1878.52338039,1901.41545914,1027894.0,114830.82894928,6553.98235216
BTC_JPY,2020-05-21T01:25:08.543,7394720,1027526.0,1027952.0,0.21131999999999998,0.06444,1879.20414334,1900.8508520999999,1027894.0,114825.30781456,6553.98235216
BTC_JPY,2020-05-21T01:25:13.787,7394791,1027526.0,1028103.0,0.3416,0.1,1878.88774321,1901.89039197,1027525.0,114826.22550144,6554.48235216
BTC_JPY,2020-05-21T01:25:18.04,7394863,1027526.0,1028013.0,0.3416,1.0,1879.24552334,1902.0419121,1027525.0,114825.42703767,6554.48235216
BTC_JPY,2020-05-21T01:25:23.26,7394905,1027526.0,1027968.0,0.3416,1.0,1879.7455588,1901.76791756,1027525.0,114822.55353767,6553.55525216
BTC_JPY,2020-05-21T01:25:28.22,7394964,1027525.0,1027954.0,2.23082,1.0,1879.3945487999997,1901.65837756,1027525.0,114821.26795610001,6553.55525216
BTC_JPY,2020-05-21T01:25:33.803,7395019,1027526.0,1027946.0,0.05,1.0,1879.09517867,1901.67334756,1027525.0,114823.52345610001,6553.55525216
BTC_JPY,2020-05-21T01:25:38.557,7395050,1027525.0,1027941.0,2.08082,1.0,1879.2610688000002,1902.69942756,1027525.0,114824.54705610001,6553.75525216
BTC_JPY,2020-05-21T01:25:43.303,7395093,1027536.0,1027982.0,0.11,1.0,1882.8451388,1902.64583756,1027525.0,114822.99960195,6553.14537315
BTC_JPY,2020-05-21T01:25:48.543,7395117,1027536.0,1027971.0,0.11,1.0,1883.3584488,1899.60200756,1027525.0,114821.39157974,6553.09537315
BTC_JPY,2020-05-21T01:25:52.69,7395142,1027600.0,1027962.0,0.02,0.1,1883.2714488,1901.13290756,1027525.0,114817.98683069999,6552.09537315
BTC_JPY,2020-05-21T01:25:57.4,7395162,1027600.0,1027953.0,0.02,0.1,1883.2714488,1901.13973756,1027525.0,114815.96588674,6552.08537315
BTC_JPY,2020-05-21T01:26:03.957,7395228,1027693.0,1027947.0,0.32,0.1,1883.56901595,1899.84118757,1027525.0,114815.34767849,6551.08437315
BTC_JPY,2020-05-21T01:26:08.633,7395301,1027747.0,1028088.0,0.32,1.0,1883.20340596,1901.92754744,1027525.0,114810.36797905,6551.08437315
BTC_JPY,2020-05-21T01:26:13.56,7395351,1028093.0,1028143.0,0.001,1.0,1882.32440596,1902.24158757,1027525.0,114798.13886986,6551.08437315
BTC_JPY,2020-05-21T01:26:18.94,7395438,1027797.0,1028143.0,0.05,1.0,1883.70546596,1901.83129744,1027525.0,114777.09524968,6551.08437315
BTC_JPY,2020-05-21T01:26:22.87,7395474,1027821.0,1028143.0,0.05,1.0,1883.47536596,1902.13096757,1027525.0,114770.90246997,6551.08437315
BTC_JPY,2020-05-21T01:26:29.063,7395571,1027600.0,1028095.0,0.02,0.3458,1882.82139369,1903.47979999,1027832.0,114761.30034000002,6551.19337315
BTC_JPY,2020-05-21T01:26:33.737,7395696,1027525.0,1028053.0,2.08082,0.4,1877.62164572,1904.25169999,1027593.0,114764.50533782,6551.21437315
BTC_JPY,2020-05-21T01:26:38.873,7395813,1027525.0,1027877.0,2.1282200000000002,1.0,1875.72781275,1903.79593702,1027525.0,114766.40612372,6551.26437315
BTC_JPY,2020-05-21T01:26:43.91,7395855,1027525.0,1027843.0,2.10822,0.1,1879.71659329,1902.93739756,1027525.0,114763.76668264,6551.28437315
BTC_JPY,2020-05-21T01:26:48.243,7395877,1027525.0,1027833.0,2.10822,0.05864,1877.72364329,1903.95958756,1027525.0,114765.53301525,6551.28437315
BTC_JPY,2020-05-21T01:26:53.253,7395900,1027525.0,1027849.0,2.10822,0.05935,1881.66209329,1902.45029756,1027525.0,114758.3921178,6551.26937315
BTC_JPY,2020-05-21T01:26:57.8,7395925,1027525.0,1027849.0,2.10822,0.05935,1881.73660329,1903.83379756,1027525.0,114757.64872104,6551.18597639
BTC_JPY,2020-05-21T01:27:03.633,7395983,1027525.0,1027849.0,2.08822,0.05935,1882.24430329,1901.95929756,1027525.0,114747.63007101,6551.10077291
BTC_JPY,2020-05-21T01:27:08.61,7396008,1027526.0,1027986.0,0.2997,0.1,1883.09180329,1900.05255845,1027525.0,114734.87168815,6551.10077291
BTC_JPY,2020-05-21T01:27:13.927,7396066,1027526.0,1027853.0,0.055999999999999994,0.499,1882.67910329,1900.78100757,1027525.0,114733.36968815,6551.60077291
BTC_JPY,2020-05-21T01:27:18.227,7396089,1027525.0,1027853.0,1.5282200000000001,0.499,1882.12510329,1902.16628845,1027525.0,114729.98028409,6552.10077291
BTC_JPY,2020-05-21T01:30:03.507,7398295,1028631.0,1029137.0,0.3785,0.1,1880.97422604,1899.2333391,1029195.0,114706.77832248,6557.11454902
BTC_JPY,2020-05-21T01:30:09.09,7398394,1028637.0,1029198.0,0.05,0.3776,1879.99393604,1897.0005391,1029195.0,114700.30779584,6557.11454902
BTC_JPY,2020-05-21T01:30:13.327,7398435,1028637.0,1029211.0,0.05,0.1,1881.11709604,1897.4815391,1029195.0,114697.33759584,6557.11454902
BTC_JPY,2020-05-21T01:30:18.247,7398513,1028638.0,1029164.0,0.05,0.3785,1880.95397604,1899.7200391,1029195.0,114694.02250701,6557.03956898
BTC_JPY,2020-05-21T01:30:23.767,7398590,1028638.0,1029154.0,0.05,0.1,1881.02576604,1899.0031391,1029169.0,114690.22607701,6557.13956898
BTC_JPY,2020-05-21T01:30:29.02,7398671,1028524.0,1029223.0,0.15,0.44999999,1880.79678604,1898.9201391,1029000.0,114681.9843482,6557.14856898
BTC_JPY,2020-05-21T01:30:33.563,7398754,1028530.0,1029172.0,0.15,0.3771,1880.34179604,1899.7882391,1029000.0,114677.86454012,6556.8533685
BTC_JPY,2020-05-21T01:30:38.167,7398833,1028540.0,1029197.0,0.15,0.3754,1880.44047604,1898.9765391,1029000.0,114678.15774108,6556.8533685
BTC_JPY,2020-05-21T01:30:43.463,7398910,1028639.0,1029198.0,0.05,0.3763,1880.56180604,1900.5176391,1029000.0,114663.18367152,6556.8533685
BTC_JPY,2020-05-21T01:30:48.48,7399038,1028500.0,1028697.0,0.01,0.3725,1879.06167405,1900.6606228,1028638.0,114676.57192704,6556.89836989
BTC_JPY,2020-05-21T01:30:53.3,7399110,1028500.0,1028901.0,0.01,0.1,1880.38092878,1902.2331228,1028638.0,114680.47528459,6556.88836989
BTC_JPY,2020-05-21T01:30:58.927,7399176,1028441.0,1028891.0,0.47249999,0.5,1878.89230878,1902.7060828,1028500.0,114679.54412521,6556.89836989
BTC_JPY,2020-05-21T01:31:04.01,7399203,1028432.0,1028880.0,0.071,0.1,1878.21336879,1902.4507928,1028441.0,114680.11565107,6557.10036989
BTC_JPY,2020-05-21T01:31:08.587,7399270,1028432.0,1028875.0,0.071,0.06025,1879.71566879,1901.2367728,1028441.0,114678.47672136,6557.10036989
BTC_JPY,2020-05-21T01:31:13.267,7399327,1028432.0,1028864.0,0.069,0.1,1879.73796879,1902.1135228,1028432.0,114678.14842136,6557.10236989
BTC_JPY,2020-05-21T01:31:18.877,7399372,1028432.0,1028848.0,0.067,0.1,1879.06375443,1907.0081828,1028432.0,114678.32480007,6557.10436989
BTC_JPY,2020-05-21T01:31:23.197,7399436,1028434.0,1028891.0,0.1,0.5,1877.84580066,1905.50755467,1028432.0,114678.8365091,6557.10436989
BTC_JPY,2020-05-21T01:31:28.463,7399471,1028438.0,1028891.0,0.05,0.5,1877.86088066,1906.59492467,1028432.0,114673.27220951,6557.10436989
BTC_JPY,2020-05-21T01:31:32.963,7399493,1028432.0,1028879.0,0.35700000000000004,0.1,1877.51780066,1906.76946467,1028432.0,114674.52334585,6557.11436989
BTC_JPY,2020-05-21T01:31:38.05,7399550,1028432.0,1028855.0,0.35700000000000004,0.1,1878.57051065,1905.71282844,1028432.0,114673.8894473,6557.11436989
BTC_JPY,2020-05-21T01:31:43.04,7399591,1028432.0,1028855.0,0.35700000000000004,0.1,1878.96899065,1906.98148467,1028432.0,114662.43273754,6557.11436989
BTC_JPY,2020-05-21T01:31:48.15,7399606,1028432.0,1028855.0,0.35700000000000004,0.1,1878.97399065,1907.01139467,1028432.0,114662.07604624,6557.11436989
BTC_JPY,2020-05-21T01:31:53.707,7399658,1028433.0,1028867.0,0.1,0.1,1878.56085065,1908.49105467,1028432.0,114656.46043749,6557.11436989
BTC_JPY,2020-05-21T01:31:58.03,7399696,1028433.0,1028843.0,0.1,0.1,1879.35193052,1907.46737467,1028432.0,114652.45666749,6557.11436989
BTC_JPY,2020-05-21T01:32:03.55,7399768,1028432.0,1028825.0,0.247,0.3655,1879.73595065,1908.98503467,1028432.0,114651.87298316,6557.32436989
BTC_JPY,2020-05-21T01:32:08.323,7399825,1028432.0,1028812.0,0.247,0.3655,1879.71750065,1908.98214467,1028432.0,114650.76568316,6557.32436989
BTC_JPY,2020-05-21T01:32:14.007,7399922,1028432.0,1028858.0,0.447,0.1,1879.46314065,1908.78306467,1028432.0,114646.05438941,6552.31436889
BTC_JPY,2020-05-21T01:32:18.157,7400059,1028075.0,1028603.0,0.1,0.1,1874.19172918,1908.63765466,1028432.0,114653.01548136,6552.26795664
BTC_JPY,2020-05-21T01:35:04.083,7403021,1027516.0,1028000.0,0.059070000000000004,0.28300000000000003,1877.12188419,1914.11387631,1028000.0,114549.33215164,6544.62288648
BTC_JPY,2020-05-21T01:35:08.373,7403097,1027501.0,1027999.0,0.1,0.3501,1877.00360108,1915.92247631,1028000.0,114546.75115177,6544.62288648
BTC_JPY,2020-05-21T01:35:13.437,7403208,1027554.0,1028000.0,0.5473,0.28300000000000003,1875.41611434,1909.94669634,1027999.0,114565.91831482,6544.30788648
BTC_JPY,2020-05-21T01:35:18.22,7403296,1027583.0,1028000.0,0.1,0.28300000000000003,1877.23730108,1912.96207632,1027999.0,114571.91037482,6544.30788648
BTC_JPY,2020-05-21T01:35:23.883,7403384,1027597.0,1027999.0,0.05,0.3473,1877.22422434,1913.91792631,1027999.0,114575.70277373,6544.29395087
BTC_JPY,2020-05-21T01:35:28.26,7403434,1027999.0,1028000.0,0.035,0.08299987,1877.10274108,1915.54361142,1028000.0,114576.39047386,6544.593951
BTC_JPY,2020-05-21T01:35:33.57,7403510,1027999.0,1028030.0,0.035,0.69999987,1877.65751418,1915.08371127,1028030.0,114579.32183835,6544.976951
BTC_JPY,2020-05-21T01:35:38.693,7403555,1028001.0,1028030.0,0.30000013,0.59799987,1877.48140107,1913.65990829,1028030.0,114573.91138214,6545.0789509999995
BTC_JPY,2020-05-21T01:35:43.353,7403583,1028000.0,1028030.0,0.3,0.59799987,1878.71672953,1915.27980675,1028030.0,114572.66096936,6545.07437361
BTC_JPY,2020-05-21T01:35:48.157,7403615,1028000.0,1028030.0,0.1288,0.54799987,1878.39463107,1914.92800662,1028030.0,114564.17786936,6545.26557361
BTC_JPY,2020-05-21T01:35:53.763,7403684,1028000.0,1028030.0,0.1288,0.04799961,1878.76115953,1914.66724649,1028030.0,114560.51642610002,6545.83557387
BTC_JPY,2020-05-21T01:35:58.253,7403737,1028000.0,1028030.0,0.1288,0.04799961,1878.3977094,1914.82700649,1028030.0,114559.17248157,6545.83557387
BTC_JPY,2020-05-21T01:36:03.41,7403833,1027797.0,1028030.0,0.30000013,0.04799961,1878.20430953,1914.8047065,1027999.0,114559.26367344,6545.99937387
BTC_JPY,2020-05-21T01:36:09.03,7403947,1027739.0,1028030.0,0.05,0.04799961,1878.22180108,1914.4683265,1027999.0,114557.81171253,6545.87937387
BTC_JPY,2020-05-21T01:36:13.107,7404027,1028030.0,1028031.0,0.05100039,0.1,1878.25011473,1914.71100689,1028030.0,114555.25655849,6545.92737348
BTC_JPY,2020-05-21T01:36:18.13,7404129,1028031.0,1028330.0,0.9,0.44999999,1878.18280993,1914.76640688,1028031.0,114531.14001647,6544.40094961
BTC_JPY,2020-05-21T01:36:23.047,7404194,1028032.0,1028416.0,0.1,0.2509,1878.34273978,1914.9449063000002,1028031.0,114525.21796405,6543.87997
BTC_JPY,2020-05-21T01:36:28.65,7404264,1028031.0,1028368.0,0.898,0.4,1878.01311128,1914.7310763,1028031.0,114518.00349204,6543.980970000001
BTC_JPY,2020-05-21T01:36:33.52,7404315,1028031.0,1028345.0,0.888,0.1,1877.95211128,1914.5042763000001,1028031.0,114507.02709878,6543.96097
BTC_JPY,2020-05-21T01:36:38.893,7404359,1028032.0,1028431.0,0.335,1.1,1878.86367428,1914.1220063,1028031.0,114514.6777388,6543.93097
BTC_JPY,2020-05-21T01:36:43.447,7404438,1028046.0,1028432.0,0.1642,0.7474,1873.93857425,1909.31619799,1028432.0,114519.85630702,6543.47356987
BTC_JPY,2020-05-21T01:36:48.553,7404606,1028030.0,1028897.0,0.05100039,0.1,1874.99857615,1908.38559411,1028612.0,114520.56777675,6544.49357985
BTC_JPY,2020-05-21T01:36:53.317,7404739,1028030.0,1028769.0,0.05100039,0.15,1876.10143758,1910.55871638,1028612.0,114509.34270672,6544.49357985
BTC_JPY,2020-05-21T01:36:58.537,7404874,1028070.0,1028757.0,0.1,0.3409,1879.84692759,1913.39839638,1028612.0,114507.63654731,6544.48357985
BTC_JPY,2020-05-21T01:37:03.64,7404995,1028071.0,1028746.0,0.1,0.3424,1879.90676758,1912.60415638,1028612.0,114508.90705704,6544.48357985
BTC_JPY,2020-05-21T01:37:09.003,7405075,1028042.0,1028698.0,0.0947,0.1,1880.33175596,1910.77841598,1028612.0,114505.49680143,6544.48357985
BTC_JPY,2020-05-21T01:37:13.943,7405220,1028053.0,1028690.0,0.1,0.3424,1881.53320596,1912.00490611,1028612.0,114504.58695408,6544.48357985
BTC_JPY,2020-05-21T01:37:18.62,7405336,1028031.0,1028671.0,0.094,0.4417,1881.42807596,1913.18506611,1028612.0,114500.32685031,6544.48357985
BTC_JPY,2020-05-21T01:40:03.133,7408325,1028031.0,1028673.0,0.05,0.44999999,1878.08004814,1911.46926657,1028720.0,114473.96990448,6545.65685837
BTC_JPY,2020-05-21T01:40:08.71,7408478,1027500.0,1027697.0,1.6787,0.32,1879.15492511,1912.97319884,1027699.0,114486.81522395,6545.95015953
BTC_JPY,2020-05-21T01:40:13.897,7408577,1027168.0,1027691.0,0.1,0.3429,1877.51703511,1912.73959884,1027500.0,114490.70457773,6547.60885953
BTC_JPY,2020-05-21T01:40:18.223,7408672,1027180.0,1027692.0,0.1,0.30000013,1875.80563511,1912.73769884,1027500.0,114512.73426988,6547.60885953
BTC_JPY,2020-05-21T01:40:23.307,7408771,1027194.0,1027793.0,0.1,0.05,1875.30297537,1912.30709884,1027500.0,114511.04722522,6547.60885953
BTC_JPY,2020-05-21T01:40:28.033,7408850,1027500.0,1027585.0,0.68,0.02,1871.7254774,1912.27822113,1027500.0,114484.6094809,6547.30885953
BTC_JPY,2020-05-21T01:40:34,7408920,1027500.0,1027585.0,0.68,0.00999071,1877.02683423,1912.20305867,1027585.0,114478.63081731,6547.31886882
BTC_JPY,2020-05-21T01:40:38.993,7408976,1027511.0,1027985.0,0.1,1.0,1879.02544435,1910.94549898,1027585.0,114476.92393528,6547.32885953
BTC_JPY,2020-05-21T01:40:43.257,7409057,1027549.0,1027990.0,0.1,1.0,1880.02323481,1911.60382911,1027585.0,114480.36869561,6547.32885953
BTC_JPY,2020-05-21T01:40:48.417,7409168,1027589.0,1027989.0,0.1,0.5,1879.94837686,1912.77269783,1027585.0,114487.06135755,6547.32885953
BTC_JPY,2020-05-21T01:40:53.727,7409265,1027585.0,1027922.0,1.0,0.32,1879.74828348,1912.3917291,1027979.0,114485.58683977,6547.58185953
BTC_JPY,2020-05-21T01:40:59.077,7409323,1027585.0,1027895.0,1.0,0.3441,1879.73647322,1911.7406291,1027920.0,114487.23687756,6547.59185953
BTC_JPY,2020-05-21T01:41:03.39,7409407,1027500.0,1027650.0,0.099,0.32,1878.20737359,1911.26686596,1027500.0,114493.02766647,6548.57585953
BTC_JPY,2020-05-21T01:41:08.317,7409533,1027500.0,1027796.0,0.098,0.3484,1878.90150026,1910.88806609,1027500.0,114497.03457535,6549.07685953
BTC_JPY,2020-05-21T01:41:13.93,7409666,1027500.0,1027786.0,0.097,0.3469,1878.72850026,1911.7904561,1027500.0,114499.10918539998,6549.07785953
BTC_JPY,2020-05-21T01:41:18.133,7409752,1027174.0,1027500.0,0.1059,0.003,1878.93740026,1911.0720061,1027500.0,114500.2318854,6549.14485953
BTC_JPY,2020-05-21T01:41:23.573,7409915,1027500.0,1028104.0,0.001,0.15,1880.18329739,1909.0350691,1027500.0,114506.00704238,6544.03785854
BTC_JPY,2020-05-21T01:41:28.377,7410042,1027169.0,1027893.0,0.1,0.345,1879.64501285,1910.87845113,1027500.0,114506.23486238,6544.03785854
BTC_JPY,2020-05-21T01:41:33.31,7410132,1027169.0,1027534.0,0.1,0.32,1879.58549082,1912.04775113,1027500.0,114507.42499274,6544.02785854
BTC_JPY,2020-05-21T01:41:38.18,7410163,1027169.0,1027534.0,0.1,0.17,1878.52748491,1911.11515113,1027534.0,114508.57387967,6544.22785854
BTC_JPY,2020-05-21T01:41:43.87,7410229,1027158.0,1027700.0,0.1,0.4954,1878.12257964,1911.9621691,1027534.0,114511.69947702,6544.22785854
BTC_JPY,2020-05-21T01:41:48.79,7410342,1027157.0,1027158.0,0.7248,0.02,1872.3618649,1912.11051586,1027500.0,114524.96740743,6544.90885854
BTC_JPY,2020-05-21T01:41:53.367,7410496,1026749.0,1026982.0,0.01,0.31,1871.2535793,1911.910421,1027054.0,114554.24886846,6548.67041636
BTC_JPY,2020-05-21T01:41:59.18,7410618,1026981.0,1027075.0,0.001,0.1,1876.17091145,1908.12046911,1026987.0,114571.8862916,6548.79041636
BTC_JPY,2020-05-21T01:42:03.203,7410735,1026749.0,1027017.0,0.01,0.32,1875.77701364,1905.013017,1027075.0,114582.85741147,6548.79141636
BTC_JPY,2020-05-21T01:42:08.767,7410871,1026749.0,1027085.0,0.01,0.1,1875.65427279,1904.77233616,1027016.0,114593.68236656,6548.79341636
BTC_JPY,2020-05-21T01:42:13.947,7410982,1026749.0,1027083.0,0.16,0.05,1875.42482574,1905.26697615,1027016.0,114595.48939596,6548.79341636
BTC_JPY,2020-05-21T01:42:18.913,7411053,1027054.0,1027077.0,0.028,0.2,1874.63622574,1906.92917614,1027016.0,114598.98538739,6548.68341736
BTC_JPY,2020-05-21T01:45:03.907,7413187,1026483.0,1027080.0,0.1,0.7,1877.83815083,1905.78380157,1027080.0,114572.39413652,6546.42021487
BTC_JPY,2020-05-21T01:45:08.11,7413255,1026483.0,1027070.0,0.1,0.3792,1877.20716837,1907.21579622,1027080.0,114573.40703029,6546.42021487
BTC_JPY,2020-05-21T01:45:13.457,7413391,1026457.0,1027057.0,0.002,0.05,1876.45322485,1906.72545622,1027068.0,114580.53232069,6546.62021487
BTC_JPY,2020-05-21T01:45:18.18,7413481,1026457.0,1027005.0,0.002,0.2,1876.96722485,1906.90249622,1027068.0,114581.77797393,6546.61071487
BTC_JPY,2020-05-21T01:45:23.967,7413586,1026469.0,1027054.0,0.1,0.3783,1878.06810485,1906.59844622,1027068.0,114585.85473837,6546.61071487
BTC_JPY,2020-05-21T01:45:28.967,7413690,1026505.0,1027079.0,0.0792,0.74,1878.31441608,1905.45002745,1027068.0,114579.67232816,6546.61071487
BTC_JPY,2020-05-21T01:45:33.323,7413787,1026481.0,1027080.0,0.1,0.3786,1878.06775608,1906.60128746,1027068.0,114577.63376093,6546.61071487
BTC_JPY,2020-05-21T01:45:38.63,7413881,1026495.0,1027066.0,0.1,0.1,1876.6741575999997,1905.95143746,1027068.0,114579.90676093,6546.61071487
BTC_JPY,2020-05-21T01:45:43.777,7413957,1026500.0,1027037.0,0.1,0.3786,1876.82377608,1907.41903746,1027053.0,114579.44190739,6546.62071487
BTC_JPY,2020-05-21T01:45:48.807,7414044,1026506.0,1027040.0,0.1,0.30000013,1876.64715608,1906.03074745,1026981.0,114576.19420977,6546.87071487
BTC_JPY,2020-05-21T01:45:54.057,7414100,1026518.0,1027084.0,0.1,1.0,1877.36216944,1905.62323897,1026981.0,114579.39654565,6546.87071487
BTC_JPY,2020-05-21T01:45:58.273,7414188,1026548.0,1027085.0,0.4845,0.1,1878.35112993,1906.01905094,1026981.0,114580.40305676,6546.87071487
BTC_JPY,2020-05-21T01:46:03.83,7414328,1026616.0,1027000.0,0.47249999,0.05,1880.67990992,1902.37427911,1027000.0,114580.97662776,6546.92071487
BTC_JPY,2020-05-21T01:46:08.477,7414476,1026910.0,1027497.0,0.3807,0.05,1881.64576262,1905.243948,1027187.0,114594.63652207,6547.08571637
BTC_JPY,2020-05-21T01:46:13.97,7414646,1026945.0,1027805.0,0.1,0.2283,1875.67298866,1903.8240391,1027187.0,114605.81948991,6547.07571637
BTC_JPY,2020-05-21T01:46:18.137,7414778,1026982.0,1027500.0,0.2,0.1,1876.95978967,1906.30711888,1027187.0,114620.07642173,6547.07571637
BTC_JPY,2020-05-21T01:46:23.767,7414910,1026994.0,1027494.0,0.157,0.3798,1877.41129844,1907.10412902,1027187.0,114600.07157235,6543.68571637
BTC_JPY,2020-05-21T01:46:28.04,7414993,1026981.0,1027485.0,0.00808,0.8707,1877.29448844,1906.94173902,1027187.0,114598.41529534,6543.65571637
BTC_JPY,2020-05-21T01:46:33.247,7415132,1026981.0,1027444.0,0.00808,0.1,1873.65879844,1907.75327901,1027187.0,114597.29959903,6543.42561637
BTC_JPY,2020-05-21T01:46:37.977,7415261,1026981.0,1027424.0,0.00808,0.2,1876.74161854,1907.62001901,1027187.0,114598.23525804,6543.42561637
BTC_JPY,2020-05-21T01:46:44,7415444,1026658.0,1027362.0,0.3825,0.15,1873.94313504,1908.19215094,1026981.0,114607.92304545,6544.65102637
BTC_JPY,2020-05-21T01:46:49.093,7415577,1026694.0,1027295.0,0.3837,0.05,1877.83433504,1906.85153911,1026981.0,114608.47691096,6544.65102637
BTC_JPY,2020-05-21T01:46:53.2,7415664,1026735.0,1027291.0,0.3837,0.45,1879.77713504,1906.95433094,1026981.0,114609.11859849,6544.57312637
BTC_JPY,2020-05-21T01:46:58.923,7415792,1026729.0,1027278.0,0.06139,0.3845,1877.9891132,1907.63387093,1026981.0,114603.76790121,6544.57212637
BTC_JPY,2020-05-21T01:47:03.62,7415893,1026651.0,1027268.0,0.0787,0.15,1878.30383505,1907.42998093,1026981.0,114599.39158041,6544.57212637
BTC_JPY,2020-05-21T01:47:08.517,7415988,1026666.0,1026981.0,0.09,0.019,1877.28075505,1906.73716909,1026981.0,114596.05508269,6544.57212637
BTC_JPY,2020-05-21T01:47:13.903,7416093,1026981.0,1027401.0,0.98840074,0.05792000000000001,1875.39353579,1906.08097081,1026981.0,114567.65316729,6540.90441776
BTC_JPY,2020-05-21T01:47:18.23,7416155,1026982.0,1027390.0,0.1,0.05,1880.54682578,1905.24234094,1026981.0,114551.44889483,6540.88441776
BTC_JPY,2020-05-21T01:50:03.373,7418832,1026119.0,1026714.0,0.82,0.3992,1878.48500391,1909.13261964,1026538.0,114506.56089524,6543.29709998
BTC_JPY,2020-05-21T01:50:08.087,7418914,1026119.0,1026593.0,0.7,0.3992,1880.36429391,1908.82600764,1026119.0,114492.9822523,6543.41509998
BTC_JPY,2020-05-21T01:50:13.487,7419010,1026123.0,1026757.0,0.4462,0.05982000000000001,1880.37355391,1909.16455709,1026119.0,114488.17374942,6542.41509998
BTC_JPY,2020-05-21T01:50:18.157,7419112,1026131.0,1026778.0,0.05,0.2043,1880.88953895,1907.68297263,1026119.0,114476.38980004,6541.52492869
BTC_JPY,2020-05-21T01:50:23.117,7419217,1026119.0,1026747.0,0.7,0.4481,1881.86624895,1908.13622904,1026132.0,114475.18587973,6541.62292869
BTC_JPY,2020-05-21T01:50:28.97,7419348,1026131.0,1026731.0,0.09,0.1,1882.03994186,1907.48244502,1026132.0,114471.39280088,6541.62292869
BTC_JPY,2020-05-21T01:50:33.27,7419440,1026120.0,1026719.0,0.0606,0.4472,1881.95724186,1908.34811501,1026132.0,114469.53674346,6541.62292869
BTC_JPY,2020-05-21T01:50:38.24,7419535,1026133.0,1026538.0,0.0586,0.0488,1882.03239186,1907.47104501,1026132.0,114465.39117548,6541.62292869
BTC_JPY,2020-05-21T01:50:43.233,7419626,1026132.0,1026538.0,0.01,0.0488,1881.21218186,1908.06223501,1026132.0,114462.81403474,6541.62292869
BTC_JPY,2020-05-21T01:50:48.743,7419756,1025781.0,1026197.0,1.0,0.4557,1872.91040837,1904.14675502,1025917.0,114481.05404966,6543.51192872
BTC_JPY,2020-05-21T01:50:53.09,7419869,1025781.0,1026132.0,0.5,0.01,1871.67822889,1904.86147944,1025781.0,114489.90102178,6544.01192872
BTC_JPY,2020-05-21T01:50:58.523,7419954,1025781.0,1026072.0,0.0846807,0.44,1871.91375959,1907.13485957,1025781.0,114490.59785237,6544.22724802
BTC_JPY,2020-05-21T01:51:03.28,7420019,1025781.0,1026083.0,0.0846807,0.1,1870.65371959,1907.61569955,1025781.0,114490.07056833,6544.22724802
BTC_JPY,2020-05-21T01:51:08.003,7420098,1025781.0,1026063.0,0.0566807,0.1,1871.57740959,1910.4725096,1025781.0,114487.43524221,6543.25524802
BTC_JPY,2020-05-21T01:51:13.113,7420203,1025781.0,1026081.0,0.0466807,0.1,1873.46995959,1910.8368096,1025781.0,114486.92328657,6543.26524802
BTC_JPY,2020-05-21T01:51:18.94,7420314,1025781.0,1026063.0,0.0466807,0.5073,1872.31471307,1910.38430966,1025781.0,114483.72521183,6543.26524802
BTC_JPY,2020-05-21T01:51:23.507,7420406,1025690.0,1026050.0,0.01,0.1,1873.64367143,1910.36508729,1025781.0,114478.67078504,6543.31197341
BTC_JPY,2020-05-21T01:51:28.477,7420535,1025227.0,1026020.0,0.09,0.4552,1870.65257143,1910.39933966,1025311.0,114481.18378504,6543.15997341
BTC_JPY,2020-05-21T01:51:33.527,7420687,1025408.0,1026057.0,0.3,0.049,1865.24391085,1909.12897994,1025252.0,114494.87581152,6543.99097341
BTC_JPY,2020-05-21T01:51:38.267,7420803,1025783.0,1026057.0,0.05,0.049,1865.16411085,1908.49853714,1025252.0,114496.3989232,6543.92897341
BTC_JPY,2020-05-21T01:51:43.24,7420887,1025816.0,1026083.0,0.05,0.078998,1866.42128085,1909.84329994,1026083.0,114496.22362925,6543.97897341
BTC_JPY,2020-05-21T01:51:48.697,7420985,1025815.0,1026082.0,0.05,0.408,1864.04745805,1911.79463712,1026083.0,114497.59850227,6543.87897341
BTC_JPY,2020-05-21T01:51:54.09,7421076,1025781.0,1026069.0,0.0195,0.05,1866.32634798,1912.41846071,1025815.0,114502.30982369,6543.40197341
BTC_JPY,2020-05-21T01:51:59.077,7421184,1025781.0,1026056.0,0.0195,0.278998,1870.69185976,1912.83377036,1025815.0,114501.53431534,6542.90197341
BTC_JPY,2020-05-21T01:52:03.5,7421243,1025815.0,1026050.0,1.0,0.05,1872.19185976,1912.31777237,1025815.0,114498.13744484,6542.90197341
BTC_JPY,2020-05-21T01:52:08.553,7421277,1025815.0,1026044.0,1.0,0.05,1874.19185976,1911.85657237,1025815.0,114499.09514048,6542.90197341
BTC_JPY,2020-05-21T01:52:13.357,7421314,1025815.0,1026083.0,1.0,0.078998,1872.80185976,1911.12657237,1025815.0,114500.39213555,6542.90197341
BTC_JPY,2020-05-21T01:52:18.047,7421358,1025815.0,1026040.0,0.95,0.05,1872.54985976,1912.04767237,1025815.0,114498.20987332,6542.95497341
BTC_JPY,2020-05-21T01:55:03.11,7424400,1025816.0,1026208.0,0.074002,0.4370000000000001,1865.1929377000001,1908.49924409,1026232.0,114511.42243147,6549.02854737
BTC_JPY,2020-05-21T01:55:09.053,7424561,1025242.0,1026144.0,0.3253,0.6308,1867.08122363,1910.12800345,1025236.0,114510.4090082,6549.64214937
BTC_JPY,2020-05-21T01:55:13.903,7424686,1025252.0,1026129.0,0.1,0.1365,1868.04790381,1908.9277934999998,1025236.0,114504.7860082,6549.64214937
BTC_JPY,2020-05-21T01:55:18.267,7424806,1025294.0,1026007.0,0.1,0.4332,1867.55191381,1909.2375934999998,1025236.0,114513.8460082,6549.64214937
BTC_JPY,2020-05-21T01:55:23.643,7424923,1025322.0,1026008.0,0.05,0.4228,1867.18882381,1909.1271935,1025236.0,114527.72233425,6549.54014937
BTC_JPY,2020-05-21T01:55:28.427,7424987,1025359.0,1026004.0,0.1,0.4347,1866.88807499,1910.9086535000001,1025236.0,114523.42287048,6549.52514937
BTC_JPY,2020-05-21T01:55:33.277,7425070,1025387.0,1025998.0,0.4332,0.3008,1866.41090325,1909.76223178,1025236.0,114518.74884371,6549.52514937
BTC_JPY,2020-05-21T01:55:38.747,7425170,1025325.0,1025991.0,0.3883,0.5332,1866.07873325,1909.30300178,1025996.0,114518.316193,6549.52614937
BTC_JPY,2020-05-21T01:55:43.53,7425275,1025299.0,1025982.0,0.4389,0.1,1867.16695312,1909.97907178,1025996.0,114517.34009173,6549.39914937
BTC_JPY,2020-05-21T01:55:48.983,7425388,1025352.0,1025980.0,0.05,0.2655,1867.13980325,1908.82876178,1025982.0,114516.88659173,6549.38564937
BTC_JPY,2020-05-21T01:55:53.87,7425496,1025389.0,1026053.0,0.1,0.2629,1868.45805325,1908.53928823,1025982.0,114520.22089864,6549.38564937
BTC_JPY,2020-05-21T01:55:59.04,7425619,1025434.0,1026099.0,0.3251,0.30000013,1868.74474725,1907.9018858,1025982.0,114520.16082933,6549.37565037
BTC_JPY,2020-05-21T01:56:03.717,7425746,1025485.0,1026271.0,0.3252,0.73,1870.72643725,1908.71390812,1025982.0,114522.30705668,6549.27365037
BTC_JPY,2020-05-21T01:56:08.423,7425888,1025409.0,1026083.0,0.0523,0.1,1868.92116725,1910.35272578,1025982.0,114537.90445668,6549.27365037
BTC_JPY,2020-05-21T01:56:13.59,7426004,1025460.0,1026086.0,0.15,0.49096999999999996,1869.51315725,1909.09620823,1025982.0,114546.13182527,6549.27365037
BTC_JPY,2020-05-21T01:56:18.787,7426121,1025392.0,1026080.0,0.1,0.4797,1869.77215725,1909.30573578,1025982.0,114546.11804991,6549.27365037
BTC_JPY,2020-05-21T01:56:23.903,7426237,1025247.0,1026072.0,0.1,0.4285,1871.10862887,1911.38490578,1026076.0,114546.56105377,6549.53414937
BTC_JPY,2020-05-21T01:56:28.78,7426317,1025247.0,1026061.0,0.1,0.1,1871.43415887,1912.17815578,1026076.0,114518.63445977,6548.55314937
BTC_JPY,2020-05-21T01:56:33.297,7426400,1025247.0,1026054.0,0.1,0.4275,1871.42280706,1910.13213397,1026058.0,114514.48538864,6548.36314937
BTC_JPY,2020-05-21T01:56:38.417,7426488,1025263.0,1026043.0,0.1,0.25,1870.43261706,1909.65349397,1025236.0,114508.63293839,6548.56314937
BTC_JPY,2020-05-21T01:56:43.817,7426592,1025248.0,1026018.0,0.1,0.1,1870.60962706,1909.87637397,1025236.0,114510.5049527,6548.36314937
BTC_JPY,2020-05-21T01:56:48.4,7426679,1025264.0,1025985.0,0.1,0.4244,1870.55280706,1910.05323397,1025236.0,114503.99017057,6548.36314937
BTC_JPY,2020-05-21T01:56:53.207,7426776,1025236.0,1025975.0,1.3693799999999998,0.06537000000000001,1868.69718693,1909.73210823,1025236.0,114505.00643056,6548.86314937
BTC_JPY,2020-05-21T01:56:59.057,7426898,1025247.0,1025957.0,0.1,0.06423,1869.62431487,1910.86910178,1025236.0,114507.39548097,6548.86314937
BTC_JPY,2020-05-21T01:57:03.843,7426995,1025247.0,1025944.0,0.1,0.4118,1868.31407132,1911.10947178,1025236.0,114507.59213087,6548.86314937
BTC_JPY,2020-05-21T01:57:08.127,7427074,1025247.0,1025932.0,0.1,0.4118,1868.47360487,1911.92947178,1025236.0,114507.41137503,6548.86314937
BTC_JPY,2020-05-21T01:57:13.897,7427198,1025236.0,1025911.0,1.8693799999999998,0.4101,1867.93436171,1911.59440179,1025236.0,114506.72202753,6548.38480187
BTC_JPY,2020-05-21T01:57:18.33,7427273,1025237.0,1025733.0,0.05,0.32,1867.94691171,1912.47677178,1025236.0,114510.46861888,6548.38480187
BTC_JPY,2020-05-21T02:00:03.5,7429841,1025152.0,1025751.0,0.06035,0.2989,1873.35062459,1910.40278019,1024960.0,114586.93706737,6560.58260338
BTC_JPY,2020-05-21T02:00:08.327,7429952,1024971.0,1025751.0,0.15,0.15,1873.14570564,1909.22223824,1025752.0,114581.71091345,6560.59260438
BTC_JPY,2020-05-21T02:00:13.083,7430112,1025399.0,1025825.0,0.32,0.0199,1876.11425755,1908.46169154,1025752.0,114597.83916687,6560.57260438
BTC_JPY,2020-05-21T02:00:18.13,7430289,1025798.0,1026480.0,0.2,0.754996,1874.81670657,1908.02494425,1026480.0,114617.61052429,6562.23850838
