product_code,timestamp,tick_id,best_bid,best_ask,best_bid_size,best_ask_size,total_bid_depth,total_ask_depth,ltp,volume,volume_by_product
BTC_JPY,2020-06-04T23:55:09.943,23513502,1068670.0,1068989.0,0.84,0.1,2054.17288689,1283.84181742,1069000.0,119485.72416114,6170.27324618
BTC_JPY,2020-06-04T23:55:14.07,23513540,1068670.0,1068989.0,0.84,0.06,2054.81308689,1291.97460742,1068989.0,119484.11298189,6170.31324618
BTC_JPY,2020-06-04T23:55:19.473,23513598,1068670.0,1068989.0,0.84,0.06,2054.00289075,1292.01361141,1068989.0,119483.35100805,6168.98324618
BTC_JPY,2020-06-04T23:55:24.593,23513645,1068670.0,1068989.0,0.84,0.05,2055.01409088,1292.03864141,1068989.0,119483.17692046,6168.99324618
BTC_JPY,2020-06-04T23:55:29.447,23513676,1068600.0,1069000.0,0.002,2.79529725,2053.67840075,1292.28664141,1069000.0,119489.07920069,6169.99324618
BTC_JPY,2020-06-04T23:55:33.943,23513746,1068600.0,1068991.0,0.002,0.3,2048.54264689,1292.66163742,1069000.0,119489.33956146,6169.99324618
BTC_JPY,2020-06-04T23:55:39.417,23513821,1068600.0,1068824.0,0.002,0.32,2052.01984689,1292.74263741,1069000.0,119483.8279622,6169.99324618
BTC_JPY,2020-06-04T23:55:44.07,23513854,1068600.0,1068996.0,0.002,0.29,2055.15534689,1291.22563741,1068996.0,119479.88740277,6169.53324619
BTC_JPY,2020-06-04T23:55:49.743,23513895,1068501.0,1068991.0,0.1763,0.13,2054.30464676,1291.89363741,1068991.0,119476.16133851,6169.54594619
BTC_JPY,2020-06-04T23:55:54.31,23513932,1068501.0,1068983.0,0.1763,0.15,2055.20164689,1289.24834016,1068991.0,119474.65566689998,6169.54594619
BTC_JPY,2020-06-04T23:55:59.963,23514049,1068509.0,1069000.0,0.1,0.02,2054.28935003,1286.2773433,1068991.0,119486.13164985,6169.49594619
BTC_JPY,2020-06-04T23:56:05.187,23514128,1068300.0,1068994.0,0.16006303,0.31,2047.90428334,1285.59737344,1068300.0,119509.52465386,6172.31588316
BTC_JPY,2020-06-04T23:56:09.57,23514268,1068001.0,1068500.0,1.14060199,2.795,2050.58185522,1289.54693294,1068001.0,119527.19576423,6172.9459452
BTC_JPY,2020-06-04T23:56:14.647,23514428,1067402.0,1067861.0,0.6829999999999999,0.55159532,2041.59308184,1286.31721932,1067861.0,119551.78483626,6180.35054826
BTC_JPY,2020-06-04T23:56:19.003,23514557,1067417.0,1068001.0,0.1,0.1,2044.0001892999999,1293.78163146,1067868.0,119561.78696274,6180.47054826
BTC_JPY,2020-06-04T23:56:24.817,23514745,1067450.0,1068001.0,0.25,0.1,2046.3853892999998,1290.52303146,1067868.0,119566.82029546,6180.47054826
BTC_JPY,2020-06-04T23:56:30.12,23514903,1067495.0,1068001.0,0.1,0.1,2048.1629993,1301.84067146,1067868.0,119571.99652744,6180.47054826
BTC_JPY,2020-06-04T23:56:34.767,23515022,1067526.0,1068221.0,0.6646,1.0,2047.9495993,1298.62504132,1068001.0,119581.25200784,6180.57054826
BTC_JPY,2020-06-04T23:56:39.7,23515136,1067494.0,1068165.0,0.1,1.0,2045.20887093,1295.55717315,1068001.0,119594.16287519,6180.40855426
BTC_JPY,2020-06-04T23:56:45.183,23515235,1067494.0,1067896.0,0.1,1.0,2049.64247093,1299.28467315,1068001.0,119595.93956252,6180.37325426
BTC_JPY,2020-06-04T23:56:49.087,23515353,1067522.0,1068192.0,0.5646,4.0,2052.44203093,1292.34983407,1068001.0,119604.72945038,6180.27325426
BTC_JPY,2020-06-04T23:56:54.37,23515494,1068001.0,1068420.0,0.03,1.0,2052.27253093,1291.00613316,1068001.0,119607.58502397,6180.27325426
BTC_JPY,2020-06-04T23:56:59.043,23515628,1068001.0,1068390.0,0.03,0.15,2051.64398184,1295.74613315,1068001.0,119612.73826308,6180.27325426
BTC_JPY,2020-06-04T23:57:05.087,23515762,1067500.0,1068071.0,1e-06,1.0,2053.59372193,1295.71817541,1067500.0,119627.95050703,6180.31325326
BTC_JPY,2020-06-04T23:57:09.887,23515905,1067403.0,1067713.0,0.0763,0.3,2053.90196319,1298.12201758,1067494.0,119657.77850496,6180.31125426
BTC_JPY,2020-06-04T23:57:14.617,23516022,1067433.0,1068017.0,0.32,4.0,2054.39880306,1293.02983393,1068001.0,119672.91532438,6182.98625439
BTC_JPY,2020-06-04T23:57:19.313,23516180,1067452.0,1067494.0,0.0563,0.02,2053.85881511,1294.7825972,1068017.0,119675.93481788,6183.12960194
BTC_JPY,2020-06-04T23:57:25.11,23516317,1067484.0,1068262.0,0.6686,0.1901,2056.59481511,1298.9808962000004,1068276.0,119669.07098308,6183.24960294
BTC_JPY,2020-06-05T00:00:09.713,23519531,1068500.0,1068646.0,0.6462038,0.3086,2058.75027214,1300.50989054,1068500.0,119637.21579056,6137.02435039
BTC_JPY,2020-06-05T00:00:14.4,23519630,1068505.0,1068784.0,0.05326,0.26999999,2058.82164564,1295.37247405,1068646.0,119621.9093681,6137.24195039
BTC_JPY,2020-06-05T00:00:19.01,23519737,1068580.0,1069000.0,0.32,0.058,2060.16009931,1303.13587091,1068784.0,119590.67233388,6136.44835038
BTC_JPY,2020-06-05T00:00:24.793,23519925,1068647.0,1069218.0,0.9196,0.1,2060.57117073,1296.89830091,1069049.0,119584.77048381,6136.49244469
BTC_JPY,2020-06-05T00:00:29.753,23520089,1068689.0,1069500.0,0.05184,0.02,2060.71879307,1293.86749152,1069218.0,119580.81195587,6136.49244469
BTC_JPY,2020-06-05T00:00:34.923,23520246,1068784.0,1069450.0,0.635,0.05344,2059.06743563,1294.74930136,1069125.0,119630.26609919,6140.02254469
BTC_JPY,2020-06-05T00:00:39.27,23520352,1068785.0,1069204.0,0.6377,0.15,2060.29622548,1296.17361393,1069125.0,119594.02350697,6139.3179866
BTC_JPY,2020-06-05T00:00:44.713,23520418,1068785.0,1069206.0,0.6377,0.1,2060.41322548,1298.72256395,1069125.0,119582.96011486,6138.717986600002
BTC_JPY,2020-06-05T00:00:49.543,23520471,1068796.0,1069206.0,0.2,0.1,2059.91879535,1299.96969393,1069125.0,119578.47807398,6138.01299476
BTC_JPY,2020-06-05T00:00:55.167,23520541,1069000.0,1069206.0,0.1,0.09,2058.83188535,1301.11955393,1069206.0,119573.55904642,6138.00792885
BTC_JPY,2020-06-05T00:00:59.65,23520578,1069000.0,1069206.0,0.1,0.07,2056.92391548,1301.02385393,1069206.0,119573.18398909,6137.84299476
BTC_JPY,2020-06-05T00:01:04.773,23520616,1069000.0,1069206.0,0.15,0.07,2058.76986958,1300.51982453,1069206.0,119544.74437892,6137.82299476
BTC_JPY,2020-06-05T00:01:08.837,23520658,1069000.0,1069206.0,0.15,0.06,2057.96395959,1300.91589453,1069206.0,119542.29182498,6137.72099476
BTC_JPY,2020-06-05T00:01:13.88,23520705,1069000.0,1069206.0,0.05,0.06,2058.11547959,1300.61824408,1069206.0,119478.87450406,6116.02849376
BTC_JPY,2020-06-05T00:01:19.633,23520749,1069206.0,1069207.0,0.625,3.8201,2058.74580609,1301.34029453,1069206.0,119448.62635653,6115.60856945
BTC_JPY,2020-06-05T00:01:24.593,23520805,1069206.0,1069207.0,0.625,3.7201,2058.03402609,1299.26668453,1069207.0,119439.89947169,6115.35451607
BTC_JPY,2020-06-05T00:01:29.09,23520825,1069206.0,1069207.0,0.625,3.7201,2058.53001959,1299.06201453,1069207.0,119427.88089701,6115.35451607
BTC_JPY,2020-06-05T00:01:34.773,23520912,1069486.0,1069787.0,0.1,0.06840002,2056.85417923,1287.98711419,1069787.0,119435.08198721,6118.29653061
BTC_JPY,2020-06-05T00:01:39.45,23521009,1069218.0,1069503.0,0.1,3.8201,2058.6538991,1292.14649404,1069421.0,119427.15212049,6119.47333061
BTC_JPY,2020-06-05T00:01:44.517,23521081,1069223.0,1069520.0,0.0514,0.006,2058.50180103,1292.22156408,1069421.0,119418.26544177,6119.46433151
BTC_JPY,2020-06-05T00:01:49.93,23521145,1069218.0,1069520.0,0.1,0.006,2059.75659338,1298.85702652,1069421.0,119417.96587143,6118.93523351
BTC_JPY,2020-06-05T00:01:54.87,23521189,1069218.0,1069520.0,0.1,0.006,2060.82422338,1299.85902652,1069421.0,119417.99729575,6118.93523351
BTC_JPY,2020-06-05T00:01:59.133,23521219,1069218.0,1069520.0,0.1,0.006,2060.27422338,1298.21270573,1069421.0,119410.80973447,6118.83523351
BTC_JPY,2020-06-05T00:02:04.417,23521276,1069421.0,1069520.0,0.063,0.006,2061.01012338,1297.32817586,1069421.0,119424.4516983,6118.83523351
BTC_JPY,2020-06-05T00:02:09.527,23521380,1069581.0,1069999.0,0.2,0.5,2070.97012337,1292.45806586,1069712.0,119425.79154252,6122.61553351
BTC_JPY,2020-06-05T00:02:14.957,23521496,1069629.0,1069985.0,0.1,3.8201,2070.72634337,1296.77672342,1069999.0,119413.21683716,6122.63753351
BTC_JPY,2020-06-05T00:02:19.033,23521598,1069715.0,1069999.0,0.1,0.002373,2072.04311365,1290.10030928,1069999.0,119403.40378845,6122.82516051
BTC_JPY,2020-06-05T00:02:24.697,23521716,1069999.0,1070030.0,0.007026999999999999,0.04,2070.42307792,1293.8975362,1070000.0,119400.51377785,6122.86753359
BTC_JPY,2020-06-05T00:05:10.34,23525298,1070462.0,1071000.0,0.050769999999999996,1.5930000000000002,2067.89821184,1297.28905096,1070588.0,119346.80244596,6095.821973
BTC_JPY,2020-06-05T00:05:14.573,23525399,1070501.0,1070977.0,0.30000013,0.1,2070.87528333,1294.19661245,1070500.0,119355.30828344,6097.021973
BTC_JPY,2020-06-05T00:05:19.433,23525613,1069985.0,1070808.0,0.3,0.5961,2071.86844723,1295.27212245,1070011.0,119370.28370120001,6098.66006407
BTC_JPY,2020-06-05T00:05:21.26,23525635,1069986.0,1070796.0,0.5036,0.5961,2072.55204723,1295.41881245,1070011.0,119365.56295554,6098.66006407
BTC_JPY,2020-06-05T00:05:28.96,23525758,1070033.0,1070846.0,0.1,3.8201,2076.46005029,1298.58101232,1070011.0,119359.73105554,6098.66006407
BTC_JPY,2020-06-05T00:05:34.163,23525893,1070081.0,1070803.0,0.0947,0.1,2075.28271042,1299.90804145,1070807.0,119352.69232158,6099.23400507
BTC_JPY,2020-06-05T00:05:40.133,23526078,1070000.0,1070647.0,1.7369999999999999,0.1,2071.61763225,1301.65966123,1070807.0,119352.83578135,6099.21400507
BTC_JPY,2020-06-05T00:05:45.043,23526235,1070000.0,1070523.0,1.7369999999999999,0.1,2075.48897224,1296.01240123,1070807.0,119353.08739576,6099.21400507
BTC_JPY,2020-06-05T00:05:49.56,23526377,1070055.0,1070787.0,0.0846,0.5870000000000001,2075.62176225,1291.47455136,1070532.0,119375.83422508,6099.38400507
BTC_JPY,2020-06-05T00:05:54.24,23526490,1070091.0,1070878.0,0.05326,0.2326,2076.70342225,1294.95530136,1070532.0,119371.55037096,6099.33400507
BTC_JPY,2020-06-05T00:06:00.053,23526670,1070128.0,1070915.0,0.15,0.30000013,2074.79726176,1296.15437087,1070532.0,119363.1845535,6099.18000507
BTC_JPY,2020-06-05T00:06:04.833,23526820,1070194.0,1071000.0,0.32,1.74,2073.86789723,1292.58122634,1070532.0,119363.68754853,6099.16000507
BTC_JPY,2020-06-05T00:06:09.723,23526955,1070212.0,1070999.0,0.3,0.1046,2075.73926176,1294.70048074,1070532.0,119345.96757506,6097.89011604
BTC_JPY,2020-06-05T00:06:14.223,23527067,1070532.0,1070999.0,0.87,0.1046,2075.31442176,1298.18738087,1070532.0,119329.33350772,6094.33011504
BTC_JPY,2020-06-05T00:06:19.3,23527155,1070163.0,1070990.0,0.3,0.2405,2074.29608723,1292.70310073,1070532.0,119321.22968677,6095.27011504
BTC_JPY,2020-06-05T00:06:24.057,23527303,1070000.0,1070587.0,1.7369999999999999,0.5883,2073.09026176,1294.87510086,1070532.0,119327.49199062,6095.27011504
BTC_JPY,2020-06-05T00:06:29.817,23527463,1070000.0,1070531.0,1.7369999999999999,0.5883,2074.18778176,1302.18220085,1070532.0,119337.37096062,6095.27011504
BTC_JPY,2020-06-05T00:06:34.737,23527547,1070000.0,1070536.0,1.7369999999999999,0.05846000000000001,2071.75556176,1300.59686085,1070540.0,119333.50260397,6094.43007504
BTC_JPY,2020-06-05T00:06:39.38,23527683,1070000.0,1070346.0,0.006999999999999999,0.1,2069.01166887,1305.57649796,1070000.0,119350.17481853,6095.74005504
BTC_JPY,2020-06-05T00:06:45.063,23527834,1070000.0,1070320.0,0.006999999999999999,0.9875,2069.8876870999998,1305.58949796,1070000.0,119343.15687454,6094.79126154
BTC_JPY,2020-06-05T00:06:49.31,23527933,1070000.0,1070317.0,0.09699999999999999,0.5875,2071.02186441,1302.0186935000004,1070000.0,119316.13675599999,6094.79126154
BTC_JPY,2020-06-05T00:06:54.407,23528041,1069640.0,1070314.0,1.0,0.30000013,2069.95518723,1306.3741135,1069686.0,119311.42274016,6094.88825955
BTC_JPY,2020-06-05T00:06:59.757,23528264,1068687.0,1069312.0,0.05202999999999999,0.5706,2063.37784597,1303.41855505,1069003.0,119321.30256324,6092.61245955
BTC_JPY,2020-06-05T00:07:04.06,23528425,1068582.0,1069311.0,0.1485,0.1,2064.78591597,1307.76025505,1069003.0,119342.32298241,6092.61245955
BTC_JPY,2020-06-05T00:07:10.22,23528636,1068515.0,1069184.0,0.5706,3.8201,2068.58311597,1306.93722632,1069003.0,119347.75146972,6092.13245955
BTC_JPY,2020-06-05T00:07:14.067,23528748,1068807.0,1069372.0,0.3,0.1,2068.43957597,1297.52195506,1069003.0,119354.62574995,6092.13245955
BTC_JPY,2020-06-05T00:07:19.257,23528848,1068804.0,1069414.0,0.5706,0.1,2069.89361597,1307.33304507,1069003.0,119344.10441963,6092.12345955
BTC_JPY,2020-06-05T00:07:24.94,23528911,1068811.0,1069416.0,0.3,0.1,2070.93161597,1307.34374507,1069003.0,119341.72069445,6092.12345955
BTC_JPY,2020-06-05T00:10:09.5,23531923,1068246.0,1068698.0,0.2,0.5634,2069.0143793,1307.91367631,1068500.0,119341.43188853,6091.29610083
BTC_JPY,2020-06-05T00:10:14.357,23532020,1068500.0,1068698.0,0.03,0.3,2066.15296812,1308.5358872000004,1068500.0,119341.42722853,6090.29650083
BTC_JPY,2020-06-05T00:10:20.33,23532125,1068500.0,1068692.0,0.03,0.5634,2067.75576812,1309.1588872000002,1068500.0,119329.81417257,6090.29650083
BTC_JPY,2020-06-05T00:10:24.813,23532166,1068500.0,1068694.0,0.03,0.05598,2068.95991812,1309.7892672,1068500.0,119324.04078769,6090.29650083
BTC_JPY,2020-06-05T00:10:29.72,23532204,1068500.0,1068694.0,0.03,0.05598,2069.89708812,1309.40096631,1068500.0,119318.33003047,6090.29650083
BTC_JPY,2020-06-05T00:10:34.427,23532254,1068500.0,1068694.0,0.03,0.04039,2069.69515812,1308.72830721,1068694.0,119319.53929338,6090.31590083
BTC_JPY,2020-06-05T00:10:39.537,23532330,1068500.0,1068684.0,0.03,0.5608,2069.64458812,1308.56293632,1068687.0,119317.2879905,6089.25430083
BTC_JPY,2020-06-05T00:10:44.097,23532408,1068200.0,1068676.0,0.051,0.5576,2070.92422017,1308.44732913,1068678.0,119316.8159905,6089.69330083
BTC_JPY,2020-06-05T00:10:49.143,23532491,1068200.0,1068500.0,0.051,2.3,2072.06444017,1309.28892912,1068500.0,119311.19331158,6089.37099493
BTC_JPY,2020-06-05T00:10:54.057,23532544,1068200.0,1068500.0,0.051,2.3,2071.50138812,1312.36191721,1068500.0,119312.64669819,6089.37099493
BTC_JPY,2020-06-05T00:10:59.83,23532682,1068000.0,1068457.0,0.12000009,0.3606,2067.40972335,1308.41385244,1068453.0,119325.90765845,6089.87539493
BTC_JPY,2020-06-05T00:11:04.777,23532782,1067791.0,1068292.0,0.2,0.14398,2067.25020345,1307.76558249,1068292.0,119322.62710637,6090.02691502
BTC_JPY,2020-06-05T00:11:09.137,23532891,1067935.0,1068500.0,0.1,2.3,2068.93146363,1306.64941632,1068292.0,119341.93278453,6090.02691502
BTC_JPY,2020-06-05T00:11:15.17,23533036,1068003.0,1068499.0,0.1,0.5228,2069.79063727,1311.3301927999996,1067471.0,119349.42466453,6091.65691502
BTC_JPY,2020-06-05T00:11:19.317,23533105,1068003.0,1068385.0,0.1,0.5228,2068.81758527,1308.0506915,1067471.0,119354.33230702,6091.65691502
BTC_JPY,2020-06-05T00:11:24.13,23533235,1068002.0,1068292.0,0.005,0.0018,2070.37702722,1309.23612836,1068002.0,119326.64348628,6091.24191502
BTC_JPY,2020-06-05T00:11:29.353,23533372,1068002.0,1068292.0,0.015,0.0018,2069.65411722,1308.70537836,1068002.0,119328.24247969,6091.24191502
BTC_JPY,2020-06-05T00:11:34.833,23533498,1068002.0,1068289.0,0.015,0.7671,2068.49914722,1310.75065237,1068002.0,119328.49627952,6091.24191502
BTC_JPY,2020-06-05T00:11:39.32,23533611,1068002.0,1068278.0,0.12,0.4441,2070.81107709,1310.09519223,1068002.0,119329.43736311,6091.24191502
BTC_JPY,2020-06-05T00:11:44.147,23533726,1068002.0,1068268.0,0.11,0.3,2067.05291369,1308.75362803,1068002.0,119327.41647864,6091.25191502
BTC_JPY,2020-06-05T00:11:49.943,23533837,1068068.0,1068292.0,0.001,0.0018,2069.29688849,1306.72834877,1068002.0,119334.11773302,6091.25191502
BTC_JPY,2020-06-05T00:11:54.803,23533934,1068068.0,1068292.0,0.001,0.0018,2069.77693849,1306.39928876,1068002.0,119333.33574265,6091.25191502
BTC_JPY,2020-06-05T00:11:59.683,23534042,1068068.0,1068292.0,0.001,0.0018,2068.17914849,1305.83404876,1068002.0,119333.37369265,6091.25191502
BTC_JPY,2020-06-05T00:12:04.72,23534128,1068068.0,1068292.0,0.001,0.0018,2069.47014849,1306.35114876,1068002.0,119336.28555063,6091.24191502
BTC_JPY,2020-06-05T00:12:09.267,23534227,1068068.0,1068292.0,0.001,0.0018,2068.57446849,1307.29408876,1068002.0,119336.11913063,6091.24191502
BTC_JPY,2020-06-05T00:12:14.413,23534318,1068068.0,1068292.0,0.001,0.0018,2068.68914849,1305.78395876,1068002.0,119330.43716228,6091.24191502
BTC_JPY,2020-06-05T00:12:19.353,23534383,1068068.0,1068292.0,0.001,0.0018,2070.62114849,1304.38105876,1068002.0,119328.97429896,6091.18391502
BTC_JPY,2020-06-05T00:12:24.597,23534494,1068068.0,1068292.0,0.001,0.0018,2070.36908849,1306.72422876,1068002.0,119317.2459982,6091.18391502
BTC_JPY,2020-06-05T00:15:09.54,23538249,1068398.0,1069054.0,0.25,0.1,2077.01132723,1298.3701125999999,1068292.0,119403.46518901,6095.16921263
BTC_JPY,2020-06-05T00:15:14.327,23538365,1068410.0,1069017.0,0.25,0.05667000000000001,2077.03193723,1301.39640611,1068292.0,119404.00990339,6095.06921263
BTC_JPY,2020-06-05T00:15:19.643,23538518,1068292.0,1069003.0,0.5316,0.05952,2075.70127136,1302.31485673,1068410.0,119407.04990339,6095.07921263
BTC_JPY,2020-06-05T00:15:25.05,23538655,1068296.0,1068963.0,0.1,0.1,2075.61123074,1302.45533686,1068410.0,119397.00242006,6094.97027245
BTC_JPY,2020-06-05T00:15:29.32,23538754,1068306.0,1068930.0,0.1,0.05633,2076.74257149,1302.53656686,1068410.0,119385.08544826,6094.49435022
BTC_JPY,2020-06-05T00:15:34.61,23538899,1068320.0,1068759.0,0.1,0.26999999,2076.28855074,1301.66583611,1068410.0,119383.76794479,6094.49435022
BTC_JPY,2020-06-05T00:15:39.21,23538995,1068300.0,1068686.0,0.001,0.1,2076.42775149,1303.94673685,1068410.0,119389.6760571,6094.49435022
BTC_JPY,2020-06-05T00:15:44.61,23539111,1068300.0,1068627.0,0.001,0.1,2076.75852149,1304.08383685,1068410.0,119369.66070386,6094.47435022
BTC_JPY,2020-06-05T00:15:50.04,23539232,1068300.0,1068719.0,0.001,0.4256,2076.15830149,1305.37233685,1068410.0,119360.50808291,6093.65700586
BTC_JPY,2020-06-05T00:15:54.787,23539358,1068300.0,1068656.0,0.001,0.5271,2076.17070149,1305.67907685,1068410.0,119357.72331109,6093.63700586
BTC_JPY,2020-06-05T00:15:59.57,23539491,1068300.0,1068647.0,0.001,0.1,2076.30186149,1303.76976685,1068410.0,119345.32518845,6091.69434676
BTC_JPY,2020-06-05T00:16:04.74,23539593,1068300.0,1068613.0,0.001,0.05512,2074.95265149,1303.60763182,1068410.0,119339.38232089998,6091.63434676
BTC_JPY,2020-06-05T00:16:09.657,23539699,1068300.0,1068631.0,0.001,0.1,2076.03290149,1305.61225182,1068410.0,119336.94933166,6091.63434676
BTC_JPY,2020-06-05T00:16:14.613,23539798,1068300.0,1068657.0,0.001,0.5271,2075.04160061,1303.79251182,1068410.0,119316.66379166,6091.60434676
BTC_JPY,2020-06-05T00:16:19.96,23539862,1068300.0,1068599.0,0.001,0.1,2075.71306149,1305.21697182,1068410.0,119317.92308601,6089.94735676
BTC_JPY,2020-06-05T00:16:24.46,23539920,1068300.0,1068410.0,0.001,0.248,2075.35670149,1304.46225107,1068410.0,119318.30931936,6089.71835676
BTC_JPY,2020-06-05T00:16:29.413,23539995,1068410.0,1068655.0,0.65,0.5268,2073.73710149,1305.39221182,1068410.0,119312.35637878,6090.06835676
BTC_JPY,2020-06-05T00:16:34.977,23540033,1068410.0,1068656.0,0.498,0.30000013,2074.69817074,1304.29541183,1068410.0,119308.24430028,6090.06035676
BTC_JPY,2020-06-05T00:16:39.723,23540097,1068410.0,1068640.0,0.498,0.5204,2075.32181149,1305.31339171,1068649.0,119307.96222639,6090.08497819
BTC_JPY,2020-06-05T00:16:44.927,23540176,1068410.0,1068639.0,0.4493,0.6704,2073.39891149,1304.89365183,1068410.0,119309.18618399999,6090.12367819
BTC_JPY,2020-06-05T00:16:49.813,23540232,1068410.0,1068656.0,0.4293,0.30000013,2075.12482149,1304.48741183,1068631.0,119305.00022704,6090.18537819
BTC_JPY,2020-06-05T00:16:54.63,23540257,1068410.0,1068657.0,0.4293,0.30000013,2074.78482149,1302.87781183,1068631.0,119305.94470675,6090.18537819
BTC_JPY,2020-06-05T00:16:59.65,23540324,1068410.0,1068733.0,0.4303,0.15,2075.61073149,1303.83003183,1068631.0,119304.88139175,6090.17037819
BTC_JPY,2020-06-05T00:17:04.867,23540400,1068410.0,1068710.0,0.4303,0.3,2075.38500149,1302.48692108,1068631.0,119300.48112234,6090.17037819
BTC_JPY,2020-06-05T00:17:09.997,23540458,1068410.0,1068710.0,0.4303,0.1,2074.86792115,1302.20353149,1068631.0,119296.96025162,6090.17037819
BTC_JPY,2020-06-05T00:17:14.717,23540523,1068410.0,1068748.0,0.4303,0.3,2075.87292115,1303.34371149,1068631.0,119294.43213391,6090.17037819
BTC_JPY,2020-06-05T00:17:19.83,23540602,1068410.0,1068752.0,0.4303,0.5204,2073.13550074,1302.31793149,1068631.0,119293.51621851,6090.07946279
BTC_JPY,2020-06-05T00:17:24.42,23540670,1068410.0,1068717.0,0.4303,0.1,2075.91690115,1302.22722149,1068631.0,119298.23338486,6090.07846279
BTC_JPY,2020-06-05T00:20:09.277,23543753,1068120.0,1068891.0,0.1,0.15,2075.37762073,1304.47642969,1068086.0,119342.35852638,6086.70116975
BTC_JPY,2020-06-05T00:20:13.883,23543835,1068120.0,1068882.0,0.1,0.4958,2075.40950726,1304.22433762,1068086.0,119342.91963925,6086.70116975
BTC_JPY,2020-06-05T00:20:19.07,23543932,1068120.0,1068873.0,0.1,0.25,2075.50950726,1303.17990109,1068086.0,119343.74227324,6086.70116975
BTC_JPY,2020-06-05T00:20:24.967,23544051,1068109.0,1068860.0,0.147,0.6428,2075.67300726,1300.31133762,1068120.0,119343.92708851,6086.80116975
BTC_JPY,2020-06-05T00:20:29.963,23544155,1068109.0,1068850.0,0.147,0.25,2075.43240726,1304.93453762,1068120.0,119344.79608851,6086.51116975
BTC_JPY,2020-06-05T00:20:34.213,23544245,1068109.0,1068840.0,0.147,0.4928,2074.08161726,1301.07623762,1068120.0,119348.84683473,6086.41116975
BTC_JPY,2020-06-05T00:20:39.857,23544375,1068111.0,1068865.0,0.15,0.1,2076.75881726,1304.86853762,1068120.0,119354.17432435,6086.31116975
BTC_JPY,2020-06-05T00:20:44.007,23544475,1068109.0,1068854.0,0.147,0.4928,2075.50561726,1305.84133762,1068120.0,119354.53463065,6086.31116975
BTC_JPY,2020-06-05T00:20:49.89,23544610,1068009.0,1068840.0,0.26999999,0.4908,2076.18311726,1306.03633762,1068086.0,119354.96013124,6086.47366975
BTC_JPY,2020-06-05T00:20:55.057,23544724,1068120.0,1068827.0,4.0,0.4908,2079.90609727,1306.12633762,1068086.0,119355.7996931,6086.47366975
BTC_JPY,2020-06-05T00:20:59.5,23544819,1068120.0,1068839.0,4.0,0.4908,2081.23265726,1307.53933762,1068086.0,119358.07942973,6086.47366975
BTC_JPY,2020-06-05T00:21:04.877,23544921,1068120.0,1068819.0,4.0,0.4908,2080.09065726,1307.53933762,1068086.0,119357.54277944,6086.47366975
BTC_JPY,2020-06-05T00:21:09.137,23545011,1068120.0,1068806.0,4.0,0.15,2076.34313061,1307.44214762,1068086.0,119362.63291686,6086.47366975
BTC_JPY,2020-06-05T00:21:14.48,23545167,1068120.0,1068395.0,1.58199896,0.6462,2058.72692622,1307.34364749,1068120.0,119372.74255755,6088.89167079
BTC_JPY,2020-06-05T00:21:19.773,23545246,1068120.0,1068390.0,1.27199883,0.5002,2058.75528956,1305.26764762,1068120.0,119376.54344768,6089.20167092
BTC_JPY,2020-06-05T00:21:24.18,23545294,1068120.0,1068385.0,1.27199883,0.5002,2059.28891372,1305.79063525,1068120.0,119371.76184595,6089.09167092
BTC_JPY,2020-06-05T00:21:29.41,23545384,1067606.0,1068080.0,0.3,0.6647,2067.57415074,1299.28082642,1068111.0,119367.22932446,6089.65672875
BTC_JPY,2020-06-05T00:21:35.32,23545641,1065800.0,1065894.0,1.74,0.08996868,2048.89045171,1309.1570582,1066000.0,119423.2327296,6103.44542978
BTC_JPY,2020-06-05T00:21:39.29,23545830,1066001.0,1066575.0,0.5544,0.3591,2056.48560707,1298.49949333,1066001.0,119448.46045215,6108.33855078
BTC_JPY,2020-06-05T00:21:44.857,23546011,1065834.0,1066744.0,0.2527,0.5513,2056.50432394,1293.3555023,1066453.0,119492.225358,6108.58646567
BTC_JPY,2020-06-05T00:21:49.86,23546164,1065905.0,1066509.0,0.3713,0.1,2058.69286762,1292.54642393,1066453.0,119499.05155945,6108.58646567
BTC_JPY,2020-06-05T00:21:54.037,23546271,1065954.0,1066593.0,0.1,3.7411,2060.87507762,1295.77124393,1066486.0,119500.35112513,6112.42756567
BTC_JPY,2020-06-05T00:22:00.15,23546448,1066533.0,1067128.0,0.5894,0.1,2063.55420424,1299.3434323,1066846.0,119521.59238791,6116.33866567
BTC_JPY,2020-06-05T00:22:04.323,23546594,1066818.0,1067510.0,0.5821,1.0,2059.76267342,1301.75296772,1066794.0,119529.31669944,6116.45866567
BTC_JPY,2020-06-05T00:22:10.057,23546725,1067015.0,1067510.0,0.5821,1.0,2061.5812552,1295.46638951,1066794.0,119529.1184534,6116.44866567
BTC_JPY,2020-06-05T00:22:14.383,23546876,1066640.0,1067278.0,0.72,0.3801,2061.37661507,1297.44385951,1067016.0,119535.47168679,6116.45866567
BTC_JPY,2020-06-05T00:22:18.86,23546996,1066857.0,1067470.0,0.5821,0.30000013,2062.48679423,1299.39746855,1067016.0,119525.30100505,6116.34866567
BTC_JPY,2020-06-05T00:22:24.573,23547155,1066836.0,1067419.0,0.26999999,0.5865,2059.97876422,1295.65325855,1067016.0,119532.06828744,6117.15276567
BTC_JPY,2020-06-05T00:25:10.15,23550400,1066000.0,1066535.0,0.1,0.3,2063.97221358,1306.42966669,1066004.0,119293.62411244,6090.97151165
BTC_JPY,2020-06-05T00:25:13.927,23550485,1066000.0,1066522.0,0.09,0.5719,2063.9420922000004,1305.42859531,1066000.0,119257.11147034,6089.89786826
BTC_JPY,2020-06-05T00:25:19.607,23550572,1066000.0,1066499.0,0.1,0.05484,2065.0710922000007,1306.04252531,1066000.0,119222.05659022,6089.41282128
BTC_JPY,2020-06-05T00:25:24.28,23550653,1066000.0,1066549.0,0.1,0.6557,2063.3442122,1306.37078531,1066000.0,119207.02228908,6088.67785613
BTC_JPY,2020-06-05T00:25:30.033,23550765,1066002.0,1066539.0,0.1515,0.29,2063.5657122000002,1304.05391112,1066000.0,119194.17623418,6087.4076561
BTC_JPY,2020-06-05T00:25:35.103,23550915,1066224.0,1066775.0,0.665,0.0838,2063.66321366,1301.77008664,1066615.0,119203.60643384,6087.6027561
BTC_JPY,2020-06-05T00:25:39.537,23551039,1066615.0,1066856.0,0.01,0.00999999,2063.85526927,1297.66738238,1066856.0,119206.60627969999,6088.31275623
BTC_JPY,2020-06-05T00:25:44.793,23551094,1066615.0,1066856.0,0.01,0.00999999,2062.18064927,1302.45209224,1066856.0,119200.86542986,6088.31275623
BTC_JPY,2020-06-05T00:25:49.577,23551131,1066615.0,1066856.0,0.01,0.00999999,2063.09041927,1301.92986236,1066856.0,119192.51085566,6088.02275623
BTC_JPY,2020-06-05T00:25:54.547,23551161,1066615.0,1066856.0,0.01,0.00999999,2062.79438141,1301.5912445000001,1066856.0,119188.55072306,6087.20275623
BTC_JPY,2020-06-05T00:26:00.143,23551209,1066615.0,1066856.0,0.01,0.00999999,2062.97438141,1302.7176545,1066856.0,119178.70932179,6086.88275623
BTC_JPY,2020-06-05T00:26:04.113,23551255,1066615.0,1067030.0,0.01,3.7411,2063.84158141,1304.35793451,1066856.0,119175.55307006,6086.69375622
BTC_JPY,2020-06-05T00:26:09.29,23551331,1066401.0,1067030.0,0.2338,3.7411,2067.9790014,1301.05788111,1066856.0,119180.64653320001,6086.69375622
BTC_JPY,2020-06-05T00:26:14.513,23551473,1066650.0,1067128.0,0.32,0.1,2067.9322014000004,1302.42157451,1066856.0,119191.14936918,6085.86475622
BTC_JPY,2020-06-05T00:26:19.267,23551535,1066671.0,1067170.0,0.05388,3.7411,2066.8740814,1303.00691438,1066856.0,119183.38155773,6084.86475622
BTC_JPY,2020-06-05T00:26:25.123,23551635,1066698.0,1067127.0,0.1,0.5601,2066.085838,1300.81639438,1066856.0,119182.66394457,6082.73481623
BTC_JPY,2020-06-05T00:26:30.27,23551709,1066500.0,1067112.0,0.1,0.05089,2064.5150371,1302.54420061,1066856.0,119169.61703806,6081.13501621
BTC_JPY,2020-06-05T00:26:34.163,23551758,1066500.0,1067108.0,0.1,0.15,2064.53067687,1304.93575871,1066856.0,119157.95577666,6081.13501621
BTC_JPY,2020-06-05T00:26:39.757,23551861,1066500.0,1067054.0,0.1,0.5601,2065.964680400001,1305.32775871,1066856.0,119157.47059275,6080.36101621
BTC_JPY,2020-06-05T00:26:43.78,23551894,1066500.0,1067024.0,0.1,0.5601,2067.185680400001,1304.91025872,1066856.0,119151.03546377,6079.93511713
BTC_JPY,2020-06-05T00:26:49.173,23551962,1066505.0,1067124.0,0.05501,0.5601,2067.6920504,1305.73325859,1066856.0,119144.89382334,6079.17101621
BTC_JPY,2020-06-05T00:26:54.64,23552032,1066500.0,1067127.0,0.1,0.5601,2067.6508404,1305.59979873,1066856.0,119137.10901632,6079.07101621
BTC_JPY,2020-06-05T00:26:59.333,23552092,1066856.0,1067101.0,0.58,0.6149899999999999,2068.4189404,1306.32254873,1066856.0,119138.52723468,6079.07101621
BTC_JPY,2020-06-05T00:27:04.23,23552156,1066856.0,1067163.0,0.58,0.052160000000000005,2067.6556504,1305.17691873,1066856.0,119134.77688764,6079.06101621
BTC_JPY,2020-06-05T00:27:09.843,23552342,1066278.0,1066763.0,0.14880198,3.7411,2061.70210909,1305.77509062,1066278.0,119148.93867522,6080.11981819
BTC_JPY,2020-06-05T00:27:14.563,23552488,1066000.0,1066727.0,0.2775,0.6962,2064.1313832,1299.74632623,1066278.0,119147.06801129,6080.11981819
BTC_JPY,2020-06-05T00:27:19.5,23552627,1066013.0,1066711.0,0.3,0.5462,2065.85386307,1296.64732623,1066278.0,119152.35305759999,6080.10981819
BTC_JPY,2020-06-05T00:27:24.457,23552776,1066293.0,1066856.0,0.3,0.12,2066.9372732,1297.06208042,1066278.0,119160.41346675,6080.10981819
BTC_JPY,2020-06-05T00:30:09.167,23555727,1066862.0,1067128.0,0.054360000000000006,0.1,2066.87778594,1306.24576539,1066857.0,119089.19403159,6076.4739655
BTC_JPY,2020-06-05T00:30:14.297,23555789,1066857.0,1067248.0,0.04,0.1,2066.26948681,1303.3111354,1066862.0,119090.11606629,6075.9896102
BTC_JPY,2020-06-05T00:30:19.483,23555829,1066862.0,1067248.0,0.05311,0.1,2067.21143412,1300.81113358,1066862.0,119091.02894992,6075.9796102
BTC_JPY,2020-06-05T00:30:24.947,23555865,1066857.0,1067248.0,0.04,0.1,2066.81397412,1304.67049358,1066862.0,119092.4529433,6075.9796102
BTC_JPY,2020-06-05T00:30:29.23,23555897,1066857.0,1067248.0,0.04,0.1,2067.12699203,1305.20369358,1066862.0,119094.35177692,6075.9796102
BTC_JPY,2020-06-05T00:30:34.287,23555993,1066600.0,1066957.0,0.2,0.32,2063.60142472,1302.72664358,1066857.0,119096.04414809,6076.0871102
BTC_JPY,2020-06-05T00:30:39.98,23556087,1066600.0,1066857.0,0.2,0.5,2065.59579385,1304.8746454000004,1066857.0,119099.44930374,6076.0871102
BTC_JPY,2020-06-05T00:30:44.717,23556131,1066600.0,1066857.0,0.2,1.5,2065.12869385,1304.86620627,1066857.0,119091.98174226,6075.3971102
BTC_JPY,2020-06-05T00:30:48.883,23556166,1066600.0,1066857.0,0.2,1.5,2065.48041372,1305.4750454000002,1066857.0,119085.48918939,6074.88701096
BTC_JPY,2020-06-05T00:30:54.507,23556213,1066600.0,1066857.0,0.2,1.26,2066.22470372,1305.3705654,1066857.0,119085.72180968,6075.12701096
BTC_JPY,2020-06-05T00:30:59.72,23556243,1066600.0,1066857.0,0.2,1.26,2066.40577385,1305.0080654,1066857.0,119082.02014678,6074.99841962
BTC_JPY,2020-06-05T00:31:04.253,23556290,1066600.0,1066857.0,0.2,1.25,2064.98825472,1304.72806541,1066857.0,119074.51472017,6074.90841962
BTC_JPY,2020-06-05T00:31:10.17,23556446,1066121.0,1066681.0,1.0,0.1,2064.83709989,1303.47764145,1066292.0,119093.97025259,6075.19841962
BTC_JPY,2020-06-05T00:31:14.3,23556541,1066238.0,1066854.0,0.32,0.14400000000000002,2064.88562976,1305.24536616,1066292.0,119107.95359432,6075.19841962
BTC_JPY,2020-06-05T00:31:19.527,23556672,1066339.0,1066857.0,0.0589,0.91498974,2066.20919976,1301.45506107,1066857.0,119106.35051934,6075.89842988
BTC_JPY,2020-06-05T00:31:25.033,23556818,1066410.0,1066857.0,0.31,0.40498461,2067.39805472,1305.48711077,1066857.0,119105.27306034,6076.40843501
BTC_JPY,2020-06-05T00:31:29.543,23556920,1066425.0,1067127.0,0.6038,0.094,2066.04359385,1301.39691529,1066857.0,119112.77143689,6076.57341962
BTC_JPY,2020-06-05T00:31:34.897,23557071,1066857.0,1067127.0,1.0,0.094,2067.60269385,1303.47416529,1066857.0,119119.87585662,6076.57341962
BTC_JPY,2020-06-05T00:31:40.27,23557100,1066858.0,1067127.0,0.30000013,0.094,2067.34229385,1303.97796529,1066857.0,119121.87579838,6076.57341962
BTC_JPY,2020-06-05T00:31:44.787,23557131,1066858.0,1067127.0,0.10000013,0.094,2064.88069385,1302.79795529,1066858.0,119122.25175228,6076.86341962
BTC_JPY,2020-06-05T00:31:49.34,23557171,1066858.0,1067127.0,0.10000013,0.094,2061.33564385,1302.71706529,1066858.0,119122.22175228,6076.86341962
BTC_JPY,2020-06-05T00:31:54.88,23557300,1066344.0,1067095.0,0.05225,0.05756,2059.21404385,1303.00412541,1066857.0,119145.05559385,6078.46341975
BTC_JPY,2020-06-05T00:31:59.59,23557436,1066436.0,1067122.0,0.1559,0.5033,2061.00110385,1306.59986542,1066857.0,119143.64893491,6078.39951975
BTC_JPY,2020-06-05T00:32:04.903,23557554,1066438.0,1067098.0,0.1,0.5033,2061.14062385,1307.17986542,1066857.0,119125.59399769,6076.90071975
BTC_JPY,2020-06-05T00:32:09.397,23557654,1066431.0,1067125.0,0.35,0.153,2060.31975459,1306.26408629,1066857.0,119126.7509813,6075.89371975
BTC_JPY,2020-06-05T00:32:14.797,23557749,1066537.0,1067125.0,0.1,0.153,2068.67859385,1305.73776542,1066857.0,119109.57280602,6075.39371975
BTC_JPY,2020-06-05T00:32:18.923,23557844,1066559.0,1067125.0,0.053979999999999986,0.153,2068.01967385,1304.74005542,1066857.0,119108.11693658,6075.19371975
BTC_JPY,2020-06-05T00:32:24.263,23557944,1066616.0,1067125.0,0.05441,0.153,2068.42010385,1304.84005542,1066857.0,119095.66280394,6075.19371975
BTC_JPY,2020-06-05T00:35:09.87,23561200,1067510.0,1067998.0,0.08230998,0.078,2068.62050666,1298.75332525,1067483.0,119069.21279639,6064.36573269
BTC_JPY,2020-06-05T00:35:14.46,23561276,1067515.0,1067996.0,0.5,0.1,2069.20043935,1302.49313794,1067998.0,119069.70188045,6064.00173269
BTC_JPY,2020-06-05T00:35:19.413,23561393,1067382.0,1067992.0,0.15,0.5752,2068.46495672,1302.23085781,1067998.0,119075.29390525,6063.10173269
BTC_JPY,2020-06-05T00:35:24.45,23561526,1067287.0,1067982.0,0.3,0.05515,2067.91404937,1301.74070781,1067998.0,119075.15590865,6063.10173269
BTC_JPY,2020-06-05T00:35:29.293,23561627,1067184.0,1067997.0,0.02,0.4752,2068.97136937,1299.46875794,1067998.0,119070.96245457,6063.10173269
BTC_JPY,2020-06-05T00:35:34.67,23561725,1067299.0,1067995.0,1.39,0.4752,2068.85101937,1298.68049516,1067998.0,119075.05553041,6063.10173269
BTC_JPY,2020-06-05T00:35:39.43,23561849,1067328.0,1067979.0,0.34,0.05997,2068.39131937,1298.12352794,1067998.0,119072.34824946,6063.10173269
BTC_JPY,2020-06-05T00:35:44.287,23561929,1067324.0,1067993.0,0.34,0.0589,2067.71256537,1297.59765794,1067998.0,119066.71889491,6063.10173269
BTC_JPY,2020-06-05T00:35:49.89,23562027,1067326.0,1067976.0,0.3399,0.4752,2069.95841537,1297.68886794,1067998.0,119065.82360067,6063.09090269
BTC_JPY,2020-06-05T00:35:54.263,23562128,1067328.0,1067979.0,0.05003,0.1,2069.21110537,1297.16355794,1067998.0,119053.68797226,6062.89090269
BTC_JPY,2020-06-05T00:35:59.03,23562284,1068179.0,1068500.0,0.02,0.21,2072.44827463,1296.25569458,1068248.0,119071.71406826,6064.41091385
BTC_JPY,2020-06-05T00:36:05.3,23562418,1068248.0,1068500.0,0.1,0.21,2071.04851451,1288.71759457,1068248.0,119074.72373353,6064.51091385
BTC_JPY,2020-06-05T00:36:09.743,23562515,1068248.0,1068500.0,0.1,0.21,2070.17401469,1297.52869457,1068248.0,119077.85575010002,6064.51091385
BTC_JPY,2020-06-05T00:36:15.057,23562638,1067501.0,1067948.0,0.15,0.0129993,2071.0930936,1303.32196291,1067948.0,119098.37575784,6064.63791455
BTC_JPY,2020-06-05T00:36:20.2,23562723,1067516.0,1067948.0,0.31,0.0129993,2071.49451277,1302.95151291,1067948.0,119109.49194469,6064.63791455
BTC_JPY,2020-06-05T00:36:24.487,23562778,1067684.0,1067998.0,0.05165,4.98996556,2070.5554436,1302.89805917,1067998.0,119110.05849308,6063.70292052
BTC_JPY,2020-06-05T00:36:29.647,23562830,1067532.0,1067997.0,0.1,0.4593,2070.33551277,1302.46055834,1067998.0,119104.49461995,6063.53794899
BTC_JPY,2020-06-05T00:36:34.787,23562884,1067505.0,1067998.0,0.052070000000000005,4.98996556,2070.80051542,1302.90482099,1067948.0,119100.07544073,6063.57944899
BTC_JPY,2020-06-05T00:36:39.983,23562986,1067559.0,1067998.0,0.3,4.98996556,2069.7584636,1303.05463904,1067948.0,119105.36438893,6063.39015492
BTC_JPY,2020-06-05T00:36:44.917,23563109,1067587.0,1067998.0,0.31,4.98996556,2069.4867636,1300.95439094,1067948.0,119109.37900604,6063.12868107
BTC_JPY,2020-06-05T00:36:50.28,23563241,1067712.0,1067998.0,0.51,4.96996556,2068.29648277,1299.78741094,1067998.0,119108.047224,6062.15244899
BTC_JPY,2020-06-05T00:36:54.22,23563309,1067717.0,1067998.0,0.054529999999999995,4.96996556,2068.50031277,1301.50228094,1067998.0,119108.76430894,6062.15244899
BTC_JPY,2020-06-05T00:36:59.507,23563393,1067737.0,1067998.0,0.05105,3.93637551,2069.63729529,1300.02185271,1067998.0,119117.11778277,6062.87603904
BTC_JPY,2020-06-05T00:37:04.49,23563475,1067755.0,1067998.0,0.05609,3.55913526,2069.72083542,1295.96461246,1067998.0,119113.23881625,6063.25327929
BTC_JPY,2020-06-05T00:37:09.887,23563536,1067773.0,1067998.0,0.15,3.45713526,2068.77574542,1300.67609981,1067998.0,119116.27391922,6063.25527929
BTC_JPY,2020-06-05T00:37:15.297,23563649,1067787.0,1068487.0,0.1,0.4585,2068.68724542,1290.77312721,1067784.0,119111.68710905,6066.80241455
BTC_JPY,2020-06-05T00:37:19.5,23563761,1067785.0,1068467.0,0.1,0.0531,2068.81103542,1299.8068272,1067784.0,119109.2481528,6066.80241455
BTC_JPY,2020-06-05T00:37:24.34,23563857,1067784.0,1068288.0,0.121,0.4531,2069.06802323,1299.49840488,1067784.0,119112.66940996,6066.99141455
BTC_JPY,2020-06-05T00:40:09.447,23567547,1067993.0,1068442.0,0.15,0.1,2069.4968281,1299.63108126,1068372.0,119119.88341331,6064.51662392
BTC_JPY,2020-06-05T00:40:14.627,23567629,1068006.0,1068442.0,0.428,0.1,2068.7469281,1298.44178128,1068372.0,119115.13914476,6064.38562392
BTC_JPY,2020-06-05T00:40:19.093,23567754,1067861.0,1068647.0,0.4507,0.11,2068.65648022,1296.66474327,1068372.0,119125.080906,6064.38562392
BTC_JPY,2020-06-05T00:40:24.57,23567855,1067794.0,1068622.0,0.03,0.11,2070.32088022,1299.1959734000004,1068372.0,119124.15017202,6064.38562392
BTC_JPY,2020-06-05T00:40:29.443,23567954,1067803.0,1068605.0,0.15,0.05375,2069.48767022,1295.8797234,1068372.0,119123.68162538,6064.38562392
BTC_JPY,2020-06-05T00:40:34.42,23568035,1067815.0,1068573.0,0.4507,0.05404,2070.77337022,1300.2000134000002,1068372.0,119121.22488339,6064.38562392
BTC_JPY,2020-06-05T00:40:39.55,23568143,1067812.0,1068595.0,0.4507,0.11,2069.95077022,1299.9359734000002,1068372.0,119111.90628422,6064.38562392
BTC_JPY,2020-06-05T00:40:44.873,23568235,1067805.0,1068558.0,0.4507,0.05536,2070.89754022,1300.2113334,1068372.0,119110.53731727,6064.18574391
BTC_JPY,2020-06-05T00:40:49.193,23568303,1067813.0,1068544.0,0.4507,0.1,2071.43075022,1299.8159734,1068372.0,119114.22589129,6064.18574391
BTC_JPY,2020-06-05T00:40:54.807,23568468,1068084.0,1068934.0,0.5507,0.05301,2071.74905022,1295.00798341,1068372.0,119118.49019671,6064.18574391
BTC_JPY,2020-06-05T00:40:59.84,23568595,1068089.0,1068915.0,0.3,0.2184,2070.86779022,1296.41287341,1068372.0,119119.46223366,6064.18574391
BTC_JPY,2020-06-05T00:41:05.247,23568717,1068177.0,1068874.0,0.3956,0.1,2071.07804022,1298.7251734,1068372.0,119120.02618714,6064.18574391
BTC_JPY,2020-06-05T00:41:08.923,23568792,1068183.0,1068836.0,0.3959,0.051660000000000005,2070.24150022,1298.7868334,1068372.0,119119.50544449,6064.18574391
BTC_JPY,2020-06-05T00:41:15.023,23568917,1068195.0,1068890.0,0.396,0.4507,2071.82844022,1299.0551734,1068372.0,119119.91520132,6064.18574391
BTC_JPY,2020-06-05T00:41:19.693,23568999,1068166.0,1068850.0,0.69530013,0.4507,2070.78774022,1298.8351734,1068372.0,119121.20798799,6064.18574391
BTC_JPY,2020-06-05T00:41:24.077,23569105,1067836.0,1068801.0,0.15,0.11,2069.11477137,1292.5713734,1068372.0,119129.82435858,6064.13574391
BTC_JPY,2020-06-05T00:41:30.033,23569249,1067821.0,1068653.0,0.14400000000000002,0.11,2070.23537022,1298.47987338,1068372.0,119133.55376599,6064.08574391
BTC_JPY,2020-06-05T00:41:34.27,23569317,1067821.0,1068617.0,0.14400000000000002,0.11,2070.18054022,1300.15987338,1068372.0,119132.34374054,6064.08574391
BTC_JPY,2020-06-05T00:41:39.533,23569401,1067821.0,1068572.0,0.14400000000000002,0.11,2070.22096022,1299.83469404,1068372.0,119136.46412054,6064.05717391
BTC_JPY,2020-06-05T00:41:44.99,23569509,1067821.0,1068513.0,0.14400000000000002,0.05256,2070.26266022,1301.83107403,1068372.0,119136.43588083,6064.00717391
BTC_JPY,2020-06-05T00:41:49.83,23569609,1067822.0,1068459.0,0.3617,0.11,2070.58946022,1301.73627338,1068372.0,119136.85806073,6064.00717391
BTC_JPY,2020-06-05T00:41:54.083,23569693,1067885.0,1068560.0,0.4507,0.32,2071.05024022,1299.03438454,1068372.0,119143.71319087,6064.00717391
BTC_JPY,2020-06-05T00:41:59.96,23569829,1067939.0,1068812.0,0.4507,0.26999999,2070.62191022,1299.49907339,1068372.0,119144.66877005,6063.99852693
BTC_JPY,2020-06-05T00:42:05.243,23569936,1067999.0,1068812.0,0.4507,0.26999999,2070.15556124,1299.58297454,1068372.0,119146.13954587,6063.99852693
BTC_JPY,2020-06-05T00:42:09.693,23570043,1068050.0,1068812.0,0.25,0.26999999,2071.36987022,1300.81847339,1068372.0,119129.50350021,6063.62337693
BTC_JPY,2020-06-05T00:42:14.82,23570190,1068265.0,1068812.0,0.93,0.26999999,2069.09764022,1297.03917339,1068372.0,119112.05820059,6059.29557848
BTC_JPY,2020-06-05T00:42:19.957,23570306,1068272.0,1068811.0,0.4507,0.1,2069.97564022,1297.87583326,1068372.0,119113.18211639,6059.29557848
BTC_JPY,2020-06-05T00:42:24.41,23570383,1068279.0,1068812.0,0.4479,0.26999999,2069.24529022,1298.41647339,1068372.0,119111.78218695,6059.36757848
BTC_JPY,2020-06-05T00:45:09.427,23574373,1068730.0,1069359.0,0.1,0.03,2071.80882219,1306.14085153,1069164.0,119139.89756592,6062.03445603
BTC_JPY,2020-06-05T00:45:13.83,23574483,1068530.0,1069311.0,0.3,0.3462,2072.61436446,1306.65975515,1069164.0,119138.16823616,6062.03445603
BTC_JPY,2020-06-05T00:45:19.867,23574631,1068564.0,1069341.0,0.4636,0.3466,2059.37770446,1304.83015515,1069164.0,119136.78514837,6062.03445603
BTC_JPY,2020-06-05T00:45:25.31,23574777,1068587.0,1069359.0,0.3,0.03,2057.90410446,1304.37355515,1069301.0,119138.39631837,6062.24445603
BTC_JPY,2020-06-05T00:45:29.147,23574864,1068624.0,1069358.0,0.613,0.20600000000000002,2058.29260097,1306.65237515,1069358.0,119128.96358052,6062.17084505
BTC_JPY,2020-06-05T00:45:34.99,23575043,1068500.0,1069110.0,0.01,0.4467,2056.12670097,1305.11788465,1069301.0,119134.55160283,6061.69084506
BTC_JPY,2020-06-05T00:45:39.54,23575172,1068500.0,1069293.0,0.01,0.763,2069.67015477,1299.90645165,1069301.0,119133.46747536,6061.69084506
BTC_JPY,2020-06-05T00:45:44.747,23575301,1068515.0,1069245.0,0.1,0.46299999999999997,2069.89527477,1299.36165165,1069301.0,119138.64178963,6061.69084506
BTC_JPY,2020-06-05T00:45:50.147,23575448,1068514.0,1069254.0,0.47,0.15,2067.84893097,1303.00420546,1069301.0,119144.46418934,6061.69084506
BTC_JPY,2020-06-05T00:45:54.17,23575566,1068514.0,1069050.0,0.47,0.1,2068.25041477,1297.82645167,1069057.0,119151.56536976,6061.03934515
BTC_JPY,2020-06-05T00:45:59.877,23575729,1068569.0,1069301.0,0.46299999999999997,0.1,2069.62474327,1306.47459396,1069057.0,119168.36654466,6061.02934515
BTC_JPY,2020-06-05T00:46:05.16,23575850,1068581.0,1069301.0,0.3,0.1,2069.19674327,1306.48198396,1069057.0,119175.49713569999,6061.02934515
BTC_JPY,2020-06-05T00:46:09.213,23575904,1068600.0,1069301.0,0.46299999999999997,0.1,2069.32674327,1306.48198396,1069057.0,119171.49648819999,6061.02934515
BTC_JPY,2020-06-05T00:46:14.303,23576005,1068623.0,1069301.0,0.15,0.1,2069.74574327,1306.05103396,1069057.0,119165.66093113,6061.02934515
BTC_JPY,2020-06-05T00:46:19.213,23576107,1068645.0,1069301.0,0.05416,0.1,2068.34090327,1305.83175166,1069057.0,119164.49972831,6061.02934515
BTC_JPY,2020-06-05T00:46:24.477,23576249,1068515.0,1069131.0,0.46299999999999997,0.11,2067.96074327,1301.69199396,1069057.0,119172.10604672,6061.02934515
BTC_JPY,2020-06-05T00:46:29.823,23576354,1068514.0,1069211.0,0.47,0.11,2067.18570097,1306.38319383,1069057.0,119169.79702827,6061.02934515
BTC_JPY,2020-06-05T00:46:34.213,23576440,1068531.0,1069298.0,0.1,0.0857,2068.70504327,1297.01149397,1069057.0,119172.09952635,6061.02934515
BTC_JPY,2020-06-05T00:46:39.407,23576577,1068555.0,1069298.0,0.46299999999999997,0.0861,2066.54388314,1302.57403397,1069057.0,119171.93152166,6061.02934515
BTC_JPY,2020-06-05T00:46:44.37,23576699,1068574.0,1069298.0,0.46299999999999997,0.0861,2069.10137327,1302.56403397,1069057.0,119172.58286601,6061.02934515
BTC_JPY,2020-06-05T00:46:49.23,23576809,1068588.0,1069286.0,0.05934,0.09,2068.20418327,1306.34883397,1069057.0,119168.49188212,6061.02934515
BTC_JPY,2020-06-05T00:46:54.123,23576929,1068583.0,1069286.0,0.563,0.0877,2068.55484327,1306.47599397,1069273.0,119163.60373623,6061.04934515
BTC_JPY,2020-06-05T00:46:59.747,23577054,1068612.0,1069298.0,0.0589,0.09,2069.13374327,1306.21528167,1069273.0,119159.77890623,6061.03934515
BTC_JPY,2020-06-05T00:47:04.82,23577132,1068622.0,1069297.0,0.051329999999999994,0.0673,2068.66409492,1306.98980957,1069273.0,119161.53203255,6061.03934515
BTC_JPY,2020-06-05T00:47:09.523,23577286,1068514.0,1069051.0,0.47,0.4423,2066.57310097,1301.57050561,1069273.0,119171.00459075,6061.03934515
BTC_JPY,2020-06-05T00:47:14.31,23577417,1068515.0,1069118.0,0.46299999999999997,0.2016,2068.56186492,1306.58447561,1069273.0,119171.10251757,6061.03934515
BTC_JPY,2020-06-05T00:47:19.987,23577551,1068515.0,1069077.0,0.46299999999999997,0.39,2068.24986492,1306.76001561,1069273.0,119167.96796475,6061.03934515
BTC_JPY,2020-06-05T00:47:24.3,23577634,1068516.0,1069043.0,0.1,0.1,2068.27066492,1307.35511562,1069052.0,119161.54279026,6061.23934515
BTC_JPY,2020-06-05T00:50:09.193,23581001,1068372.0,1068500.0,0.5055,0.59999801,2065.22624532,1311.74838963,1068500.0,119139.92047313,6059.17072966
BTC_JPY,2020-06-05T00:50:15.04,23581115,1068382.0,1069004.0,0.9544,0.1,2068.75389313,1307.68610931,1068500.0,119148.99315464,6059.77072767
BTC_JPY,2020-06-05T00:50:19.723,23581199,1068381.0,1069005.0,0.4744,0.15,2068.50665313,1311.55813978,1068500.0,119153.49543747,6059.77072767
BTC_JPY,2020-06-05T00:50:24.107,23581236,1068456.0,1069004.0,0.4744,0.1,2068.36118313,1310.01003978,1068500.0,119153.17880204,6059.77072767
BTC_JPY,2020-06-05T00:50:29.157,23581325,1068378.0,1068997.0,0.4744,0.1,2069.32033313,1310.60820978,1068500.0,119153.85488225,6059.77072767
BTC_JPY,2020-06-05T00:50:34.893,23581437,1068376.0,1069004.0,0.4744,0.29,2068.37993313,1308.11311749,1068500.0,119151.07364463,6059.77072767
BTC_JPY,2020-06-05T00:50:39.607,23581551,1068500.0,1069003.0,0.0262,0.3382,2069.39550097,1309.45940978,1068500.0,119143.64263035,6059.77072767
BTC_JPY,2020-06-05T00:50:44.263,23581637,1068500.0,1068998.0,0.0162,0.05202,2069.14685313,1310.00172978,1068500.0,119140.84108371,6059.76322767
BTC_JPY,2020-06-05T00:50:49.287,23581673,1068500.0,1068998.0,0.0162,0.05202,2069.82437313,1312.19952978,1068500.0,119140.50816299,6059.75322767
BTC_JPY,2020-06-05T00:50:54.687,23581742,1068502.0,1068997.0,0.1,0.4744,2069.09973313,1312.75549978,1068500.0,119139.76324803,6059.55322767
BTC_JPY,2020-06-05T00:50:59.847,23581788,1068502.0,1068990.0,0.1,0.4744,2069.64592313,1312.24400979,1068500.0,119138.08695168,6059.55322767
BTC_JPY,2020-06-05T00:51:04.517,23581826,1068502.0,1069003.0,0.1,0.4744,2067.50982313,1309.77831979,1068500.0,119136.08204826,6059.55322767
BTC_JPY,2020-06-05T00:51:09.283,23581868,1068502.0,1069003.0,0.1,0.4744,2067.65256097,1312.08496966,1068500.0,119135.90873706,6059.55322767
BTC_JPY,2020-06-05T00:51:15.49,23581946,1068502.0,1068991.0,0.1,0.05685,2068.32170313,1314.19985979,1068500.0,119136.26247018,6059.55322767
BTC_JPY,2020-06-05T00:51:19.227,23581998,1068502.0,1068992.0,0.1,0.4744,2066.65682313,1314.22123979,1068500.0,119129.31198111,6058.30323622
BTC_JPY,2020-06-05T00:51:24.693,23582065,1068500.0,1068969.0,0.03492,0.4744,2067.7788224,1314.04310906,1068501.0,119120.08080099,6055.64422966
BTC_JPY,2020-06-05T00:51:29.777,23582155,1068500.0,1068995.0,0.03492,0.05164,2068.3350824,1313.56994906,1068501.0,119118.03523894,6055.53422966
BTC_JPY,2020-06-05T00:51:34.277,23582203,1068500.0,1068997.0,0.03492,0.0716,2067.8583124,1313.38990893,1068501.0,119115.44517923,6055.53422966
BTC_JPY,2020-06-05T00:51:40.183,23582266,1068500.0,1068996.0,0.03492,0.0725,2068.2347224,1313.74874906,1068501.0,119114.37727923,6055.53422966
BTC_JPY,2020-06-05T00:51:44.983,23582412,1068180.0,1068765.0,0.15,0.05,2064.57599276,1306.93250941,1068372.0,119119.93165058,6055.90074966
BTC_JPY,2020-06-05T00:51:49.837,23582522,1068174.0,1068708.0,0.15,0.05624,2064.48699276,1311.26184928,1068372.0,119122.01103552,6055.90074966
BTC_JPY,2020-06-05T00:51:54.017,23582630,1068183.0,1068843.0,0.569,0.30000013,2065.05500962,1307.40305627,1068372.0,119120.64949115,6055.85074966
BTC_JPY,2020-06-05T00:51:59.72,23582789,1068227.0,1068989.0,0.4,0.05687,2066.92198962,1309.33782628,1068372.0,119129.01810446,6055.65074966
BTC_JPY,2020-06-05T00:52:05.127,23582935,1068241.0,1068982.0,0.479,0.1,2066.46053962,1307.10685628,1068372.0,119130.55810446,6055.65074966
BTC_JPY,2020-06-05T00:52:09.863,23583013,1068252.0,1068965.0,0.479,0.05399,2067.53062962,1311.52814628,1068372.0,119131.43968475,6055.65074966
BTC_JPY,2020-06-05T00:52:15.043,23583106,1068191.0,1068938.0,0.6,0.05347,2067.51790962,1313.15062628,1068372.0,119131.96831807,6055.65074966
BTC_JPY,2020-06-05T00:52:19.917,23583208,1068203.0,1068918.0,0.15,0.4435,2067.68790962,1310.89155628,1068372.0,119134.2004723,6055.65074966
BTC_JPY,2020-06-05T00:52:24.163,23583287,1068211.0,1068933.0,0.7190000000000001,0.4433,2066.90785962,1311.37135628,1068372.0,119134.29425113,6054.67994966
BTC_JPY,2020-06-05T00:55:09.747,23587225,1068548.0,1068888.0,0.32,0.1,2069.32414563,1311.05417066,1068415.0,119229.38080125,6067.59882185
BTC_JPY,2020-06-05T00:55:14.373,23587257,1068554.0,1068888.0,0.15,0.1,2069.71205247,1311.07375066,1068415.0,119232.56270157,6067.49682185
BTC_JPY,2020-06-05T00:55:19.407,23587319,1068515.0,1069004.0,0.1,0.29,2069.99327881,1307.27707383,1068991.0,119235.34926974,6067.46382435
BTC_JPY,2020-06-05T00:55:24.553,23587434,1068564.0,1069004.0,0.1,0.29,2073.50103977,1308.26499466,1068991.0,119238.39660373,6067.46382435
BTC_JPY,2020-06-05T00:55:29.81,23587644,1069092.0,1069703.0,0.15,9.801e-05,2073.05366661,1302.10699835,1069703.0,119261.95552309,6069.58361783
BTC_JPY,2020-06-05T00:55:34.027,23587771,1069200.0,1069996.0,0.65170013,0.001,2070.46262262,1308.09244928,1069703.0,119276.52862295,6069.58371584
BTC_JPY,2020-06-05T00:55:39.58,23587924,1069468.0,1070000.0,0.5202,2.5398001,2071.33951935,1304.30289021,1069461.0,119294.81794573,6069.66491584
BTC_JPY,2020-06-05T00:55:44.747,23588056,1069479.0,1070000.0,0.6306,1.48969709,2070.16751951,1299.83459872,1070000.0,119298.85695818,6070.71501885
BTC_JPY,2020-06-05T00:55:49.247,23588171,1069489.0,1070000.0,0.6806,1.28969709,2071.17919952,1304.03110885,1070000.0,119300.64744619,6070.91501885
BTC_JPY,2020-06-05T00:55:54.95,23588266,1069475.0,1069971.0,0.32,0.0252,2070.33944278,1306.76239735,1069999.0,119306.11942472,6070.9350648
BTC_JPY,2020-06-05T00:55:59.14,23588315,1069481.0,1069971.0,0.0572,0.0252,2070.60302466,1306.36021583,1069999.0,119310.08658404,6070.9350648
BTC_JPY,2020-06-05T00:56:05.063,23588453,1069491.0,1070000.0,0.0534,0.23389407,2069.27132278,1304.46505583,1070000.0,119315.45562654,6072.14506632
BTC_JPY,2020-06-05T00:56:10.233,23588544,1069426.0,1070000.0,0.1,0.23389407,2069.4140543,1303.83947583,1070000.0,119320.99873655,6071.94506632
BTC_JPY,2020-06-05T00:56:14.433,23588597,1069429.0,1070000.0,0.15,0.23389407,2069.7250542999996,1304.37258583,1070000.0,119322.16906418,6071.94506632
BTC_JPY,2020-06-05T00:56:19.767,23588644,1069428.0,1070000.0,0.1,0.23389407,2071.0740542999997,1305.64358582,1070000.0,119323.23906417,6071.94506632
BTC_JPY,2020-06-05T00:56:24.637,23588698,1069428.0,1069999.0,0.15,0.5125,2070.65165278,1306.2544943,1069428.0,119326.64460499,6072.04506632
BTC_JPY,2020-06-05T00:56:29.343,23588751,1069429.0,1070000.0,0.428,0.23538407,2071.51104149,1305.47148417,1069428.0,119338.28336311,6072.04206632
BTC_JPY,2020-06-05T00:56:35.147,23588850,1069431.0,1069999.0,0.15,0.1,2070.28554149,1306.35991288,1069428.0,119334.29690426,6071.75506632
BTC_JPY,2020-06-05T00:56:39.7,23588963,1069016.0,1069524.0,0.32,0.099,2064.15612278,1304.42157302,1069539.0,119346.22315208,6072.87506632
BTC_JPY,2020-06-05T00:56:44.59,23589078,1069021.0,1069858.0,0.1545,0.5142,2065.20787114,1300.44588431,1069539.0,119359.81730472,6072.87506632
BTC_JPY,2020-06-05T00:56:49.387,23589217,1069266.0,1070000.0,0.15,1.15538407,2066.33465114,1303.61316267,1069539.0,119368.52963824,6072.87506632
BTC_JPY,2020-06-05T00:56:53.21,23589304,1069268.0,1069986.0,0.15,0.5142,2068.86937127,1301.12495431,1069539.0,119370.36096756,6072.74206632
BTC_JPY,2020-06-05T00:56:59.843,23589437,1069720.0,1070000.0,0.03,0.42050416,2068.33624747,1297.83578301,1070000.0,119396.09400506,6074.19114623
BTC_JPY,2020-06-05T00:57:04.707,23589537,1069720.0,1070000.0,0.03,0.42050416,2067.23039568,1298.88785288,1070000.0,119407.38019729,6074.19114623
BTC_JPY,2020-06-05T00:57:09.843,23589636,1069720.0,1070000.0,0.03,0.42050416,2068.9031072000002,1298.70630439,1070000.0,119409.94570253,6074.19114623
BTC_JPY,2020-06-05T00:57:14.363,23589722,1069720.0,1070000.0,0.03,0.42050416,2067.91692568,1306.86738591,1070000.0,119409.82109251,6073.99114623
BTC_JPY,2020-06-05T00:57:19.847,23589824,1069720.0,1070000.0,0.03,0.41050416,2070.1364322,1304.06798544,1070000.0,119406.79485911,6073.97394623
BTC_JPY,2020-06-05T00:57:24.537,23589922,1069720.0,1070000.0,0.03,0.39050416,2071.5433422,1305.80644544,1070000.0,119402.27973409,6073.99394623
BTC_JPY,2020-06-05T01:00:09.587,23593278,1069530.0,1070177.0,0.05738,0.30000013,2068.85017174,1296.99820273,1069967.0,119548.03547884,6146.42965719
BTC_JPY,2020-06-05T01:00:14.457,23593408,1069515.0,1070004.0,0.05516,1.5,2068.85795174,1295.46682273,1069967.0,119546.38161794,6146.42965719
BTC_JPY,2020-06-05T01:00:19.487,23593559,1069266.0,1069917.0,0.0512,0.2184,2065.47087935,1294.27632933,1070004.0,119556.13605209,6147.85965719
BTC_JPY,2020-06-05T01:00:24.617,23593708,1069248.0,1069837.0,0.090001,0.15,2066.15417935,1298.03607933,1070004.0,119566.36116424,6147.85965719
BTC_JPY,2020-06-05T01:00:30.067,23593851,1069505.0,1069796.0,0.05756,0.00395,2065.71273835,1294.34562933,1070004.0,119566.82795991,6147.76965719
BTC_JPY,2020-06-05T01:00:34.397,23593923,1069505.0,1069796.0,0.05756,0.00395,2064.99273835,1301.00127933,1070004.0,119567.44695991,6147.76965719
BTC_JPY,2020-06-05T01:00:40.213,23594045,1069500.0,1069796.0,0.01,0.00395,2064.82690878,1298.35041933,1070004.0,119570.76236239,6147.76965719
BTC_JPY,2020-06-05T01:00:44.23,23594183,1070017.0,1070380.0,0.05939,3.7411,2066.97824349,1301.67040448,1070090.0,119597.66837524,6148.63173531
BTC_JPY,2020-06-05T01:00:49.657,23594286,1070024.0,1070472.0,0.24,0.26999999,2063.05545362,1294.24280461,1070013.0,119566.85782404,6145.85414766
BTC_JPY,2020-06-05T01:00:54.58,23594383,1070069.0,1070472.0,0.24,0.26999999,2063.42800362,1297.52160461,1070037.0,119552.74677136,6144.21640766
BTC_JPY,2020-06-05T01:00:59.91,23594450,1070070.0,1070472.0,0.05147,0.26999999,2064.74582462,1303.55072461,1070037.0,119529.87237713,6143.91640753
BTC_JPY,2020-06-05T01:01:05.147,23594523,1070094.0,1070472.0,0.30000013,0.26999999,2066.86456639,1299.97316738,1070037.0,119508.75726398,6143.616407399999
BTC_JPY,2020-06-05T01:01:09.17,23594585,1070107.0,1070472.0,0.24,0.26999999,2066.85525639,1299.88219738,1070037.0,119505.27806522,6143.616407399999
BTC_JPY,2020-06-05T01:01:14.863,23594667,1070142.0,1070472.0,0.05404,0.26999999,2067.72260626,1303.04321738,1070037.0,119478.95938909,6143.616407399999
BTC_JPY,2020-06-05T01:01:19.313,23594712,1070123.0,1070611.0,0.1,3.7411,2067.53354639,1302.50689739,1070037.0,119474.25870705,6143.616407399999
BTC_JPY,2020-06-05T01:01:24.193,23594813,1070128.0,1070608.0,0.042571,0.31,2065.94310715,1292.31189628,1070128.0,119480.3989164,6143.55940641
BTC_JPY,2020-06-05T01:01:29.543,23594948,1070037.0,1070344.0,0.04,0.30000013,2062.97135978,1298.25128628,1070128.0,119480.59485075,6143.46040641
BTC_JPY,2020-06-05T01:01:34.433,23595043,1070037.0,1070241.0,0.04,0.31,2061.48443448,1300.92520977,1070128.0,119480.63732827,6142.25390641
BTC_JPY,2020-06-05T01:01:38.923,23595142,1070037.0,1070378.0,0.04,0.30000013,2062.88338348,1300.51520977,1070128.0,119478.76040322,6142.25390641
BTC_JPY,2020-06-05T01:01:44.38,23595252,1070037.0,1070397.0,0.04,3.7411,2065.81333348,1297.87238447,1070128.0,119477.44883655,6141.85390641
BTC_JPY,2020-06-05T01:01:49.43,23595353,1070037.0,1070472.0,0.04,0.01,2063.66987335,1303.14750447,1070128.0,119476.98999179,6141.65390641
BTC_JPY,2020-06-05T01:01:54.5,23595456,1070037.0,1070472.0,0.04,0.01,2064.01643448,1302.24750447,1070128.0,119476.29432876,6141.65390641
BTC_JPY,2020-06-05T01:01:59.387,23595553,1070037.0,1070472.0,0.04,0.01,2064.81423448,1301.87238447,1070128.0,119472.95559596,6140.45190641
BTC_JPY,2020-06-05T01:02:04.86,23595691,1070037.0,1070825.0,0.04,0.45000013,2063.44723348,1298.63747447,1070624.0,119473.27817173,6141.47190641
BTC_JPY,2020-06-05T01:02:09.517,23595819,1070090.0,1070824.0,0.24,0.3,2063.59745511,1297.69456447,1070624.0,119463.44992541,6141.36990641
BTC_JPY,2020-06-05T01:02:14.533,23595989,1070276.0,1071085.0,0.1,0.15,2064.5692541,1298.34287434,1070624.0,119455.78664705,6140.97190641
BTC_JPY,2020-06-05T01:02:19.26,23596102,1070281.0,1070972.0,0.04766,0.30000013,2063.54731977,1295.99287447,1070281.0,119453.16964023,6140.97640641
BTC_JPY,2020-06-05T01:02:24.97,23596259,1070281.0,1070816.0,0.04766,0.2975,2063.55543912,1300.17251912,1070281.0,119451.12594574,6140.97640641
BTC_JPY,2020-06-05T01:05:09.263,23599862,1070136.0,1070844.0,0.23,0.1,2062.37597087,1301.96456467,1070304.0,119330.5947737,6135.2862829999995
BTC_JPY,2020-06-05T01:05:14.66,23599933,1070125.0,1070837.0,0.6487,0.1,2063.96894372,1301.97643725,1070304.0,119329.13348179,6135.0362829999995
BTC_JPY,2020-06-05T01:05:20.003,23600064,1069799.0,1070682.0,0.23,0.1,2062.10983373,1305.26339865,1070304.0,119336.13069884,6135.0362829999995
BTC_JPY,2020-06-05T01:05:25.013,23600163,1069812.0,1070685.0,0.6414,0.15802,2060.16583373,1307.51011865,1070500.0,119328.65456416,6134.412283
BTC_JPY,2020-06-05T01:05:28.823,23600231,1069734.0,1070686.0,0.05594,0.32,2060.72680115,1305.73178865,1070500.0,119322.60691325,6134.372283
BTC_JPY,2020-06-05T01:05:34.12,23600298,1069735.0,1070678.0,0.057179999999999995,0.1,2060.82894281,1307.79590773,1070500.0,119317.84932316,6134.372283
BTC_JPY,2020-06-05T01:05:40.257,23600399,1069500.0,1070336.0,0.02,0.6484,2057.66496269,1307.78514819,1070112.0,119328.85800839,6135.3712829999995
BTC_JPY,2020-06-05T01:05:44.02,23600497,1069500.0,1070319.0,0.02,0.32,2059.18496282,1308.9401582,1070332.0,119330.98280202,6135.901283
BTC_JPY,2020-06-05T01:05:49.413,23600594,1069500.0,1070316.0,0.02,0.2,2060.15401282,1312.8507182,1070332.0,119330.76457768,6135.901283
BTC_JPY,2020-06-05T01:05:54.763,23600693,1069508.0,1070318.0,0.058420000000000014,0.5627,2061.70708282,1313.5145281999999,1070318.0,119314.35439181,6136.658283
BTC_JPY,2020-06-05T01:05:59.53,23600828,1069723.0,1070318.0,0.32,0.03,2061.75272868,1311.54273406,1070318.0,119309.79036984,6134.91047499
BTC_JPY,2020-06-05T01:06:05.04,23600970,1069864.0,1070318.0,0.050960000000000005,0.03,2060.07972116,1309.85662393,1070318.0,119304.80961538,6134.489283
BTC_JPY,2020-06-05T01:06:10.153,23601066,1069745.0,1070318.0,0.23,0.03,2060.32132868,1310.67129406,1070318.0,119274.67757718,6131.93451681
BTC_JPY,2020-06-05T01:06:14.39,23601106,1069785.0,1070318.0,0.23,0.03,2060.20536868,1310.69129406,1070318.0,119258.73714438,6131.52451681
BTC_JPY,2020-06-05T01:06:19.213,23601144,1069668.0,1070000.0,0.6434,0.898,2060.63722868,1311.05003406,1070000.0,119251.86949338,6131.41651581
BTC_JPY,2020-06-05T01:06:24.59,23601195,1069695.0,1070000.0,0.23,0.888,2060.00086116,1311.15978406,1070000.0,119238.51255899,6131.36658063
BTC_JPY,2020-06-05T01:06:29.787,23601248,1069671.0,1070000.0,0.05923,0.888,2061.07757379,1310.17399918,1070000.0,119229.01327461,6131.35658063
BTC_JPY,2020-06-05T01:06:34.637,23601293,1069671.0,1070000.0,0.05535,0.7879999999999999,2060.64029379,1311.25399918,1070000.0,119225.60070723,6131.45658063
BTC_JPY,2020-06-05T01:06:39.313,23601358,1069500.0,1069999.0,0.07,0.1,2060.0039438,1308.6503964,1070000.0,119230.36014085,6131.45658063
BTC_JPY,2020-06-05T01:06:44.583,23601464,1069500.0,1069991.0,0.07,0.6827,2055.85666103,1305.20024905,1070000.0,119233.04652113,6131.45658063
BTC_JPY,2020-06-05T01:06:49.713,23601620,1069500.0,1069947.0,0.07,3.7411,2059.37061417,1309.04924917,1070000.0,119243.35135210001,6131.45658063
BTC_JPY,2020-06-05T01:06:54.583,23601752,1069500.0,1069871.0,0.07,0.30000013,2059.51190138,1309.95505625,1069865.0,119243.57199413,6131.00258113
BTC_JPY,2020-06-05T01:06:59.65,23601849,1069500.0,1069870.0,0.07,0.3,2060.3445103,1312.00197518,1069873.0,119246.96786942,6130.94158113
BTC_JPY,2020-06-05T01:07:04.3,23601941,1069500.0,1069865.0,0.07,0.3,2060.0799002999997,1309.72860518,1069873.0,119251.78610677,6130.94058113
BTC_JPY,2020-06-05T01:07:09.69,23602076,1069500.0,1069871.0,0.07,0.5217,2058.40400017,1313.16970518,1069871.0,119251.82250677,6131.45858113
BTC_JPY,2020-06-05T01:07:15.013,23602210,1069507.0,1070000.0,0.05777,0.7879999999999999,2059.7567703,1308.06402838,1069873.0,119254.28100301,6131.51208113
BTC_JPY,2020-06-05T01:07:19.66,23602312,1069500.0,1069991.0,0.07,0.5217,2060.4966703,1310.31161837,1069873.0,119254.31365747,6131.50208113
BTC_JPY,2020-06-05T01:07:24.093,23602441,1069500.0,1069879.0,0.07,0.8217,2053.75216153,1307.10619837,1069873.0,119265.63162194,6131.50208113
BTC_JPY,2020-06-05T01:10:09.853,23606898,1070254.0,1070999.0,0.6042,0.1,2063.31117644,1306.98380337,1070171.0,119318.02576556,6134.9547932
BTC_JPY,2020-06-05T01:10:14.31,23607020,1070476.0,1070528.0,0.15,0.002,2062.86759644,1306.16729815,1070171.0,119325.65618619,6134.9547932
BTC_JPY,2020-06-05T01:10:19.71,23607134,1070476.0,1070528.0,0.15,0.002,2062.51517644,1307.23844815,1070171.0,119331.31059215,6134.9547932
BTC_JPY,2020-06-05T01:10:24.46,23607259,1070213.0,1070528.0,0.3,0.002,2061.89217643,1312.65814815,1070476.0,119331.92937489,6135.104793199999
BTC_JPY,2020-06-05T01:10:29.71,23607392,1070213.0,1070724.0,0.3,0.5001,2060.66456164,1305.92894815,1070528.0,119333.28485805,6135.1067932
BTC_JPY,2020-06-05T01:10:34.267,23607497,1070213.0,1070613.0,0.3,0.1,2061.75563722,1312.94453895,1070528.0,119335.98718063,6135.0567931999985
BTC_JPY,2020-06-05T01:10:40.067,23607636,1069976.0,1070935.0,0.7490000000000001,0.30000013,2063.83742311,1304.82370484,1070567.0,119324.23727924,6129.5987031999975
BTC_JPY,2020-06-05T01:10:45.463,23607756,1070200.0,1070596.0,0.028,0.30000013,2063.42065164,1304.93552484,1070567.0,119320.02580168,6129.3887031999975
BTC_JPY,2020-06-05T01:10:49.603,23607830,1070200.0,1070550.0,0.028,3.7411,2063.71474311,1308.61920484,1070567.0,119319.83572663,6129.3887031999975
BTC_JPY,2020-06-05T01:10:54.647,23607901,1070200.0,1070537.0,0.028,3.7411,2062.25133312,1312.40020471,1070567.0,119318.97722671,6128.8887031999975
BTC_JPY,2020-06-05T01:11:00.14,23608085,1069651.0,1070355.0,0.1,3.7411,2020.7358007,1287.4553407,1070528.0,119347.94104623,6149.3287032
BTC_JPY,2020-06-05T01:11:04.833,23608204,1069676.0,1070126.0,0.1,0.4681,2048.01816635,1313.79081661,1069651.0,119349.51757157,6148.8387022
BTC_JPY,2020-06-05T01:11:09.76,23608327,1069690.0,1070373.0,0.1,3.7411,2049.10508635,1313.92631648,1069651.0,119353.2074362,6148.7887022
BTC_JPY,2020-06-05T01:11:14.583,23608448,1069724.0,1070368.0,0.23,0.468,2049.30338635,1313.94804648,1069651.0,119351.36831284,6148.6287022
BTC_JPY,2020-06-05T01:11:18.867,23608515,1069701.0,1070368.0,0.23,0.468,2048.33346735,1308.91564648,1069651.0,119351.75247902,6148.6287022
BTC_JPY,2020-06-05T01:11:24.493,23608586,1069703.0,1070368.0,0.190001,0.468,2047.94085722,1308.72437648,1069651.0,119352.14665999,6148.6287022
BTC_JPY,2020-06-05T01:11:29.997,23608665,1069702.0,1070368.0,0.7875,0.4506,2048.73889622,1312.1438649,1070368.0,119348.58339999,6148.6462022
BTC_JPY,2020-06-05T01:11:34.797,23608749,1069725.0,1070366.0,0.22,0.4505,2051.75604252,1313.5127649,1069725.0,119344.12985787,6148.7575677
BTC_JPY,2020-06-05T01:11:40.127,23608834,1069540.0,1070365.0,0.3,0.1,2055.37312587,1313.61270809,1069725.0,119342.71436904,6148.7575677
BTC_JPY,2020-06-05T01:11:44.463,23608941,1069581.0,1070368.0,0.22,0.4505,2055.69608687,1312.90760809,1069725.0,119342.20342229,6148.7575677
BTC_JPY,2020-06-05T01:11:49.67,23609076,1069725.0,1070133.0,0.2681,0.1,2065.31324958,1304.38447809,1069725.0,119347.58674581,6148.7575677
BTC_JPY,2020-06-05T01:11:55.23,23609233,1069290.0,1069723.0,0.22,0.1,2047.79034586,1307.65810709,1069722.0,119357.4128229,6168.61824421
BTC_JPY,2020-06-05T01:11:59.91,23609331,1069290.0,1069724.0,0.22,0.7312,2028.4947302,1303.33831818,1069722.0,119344.82440133,6168.32824321
BTC_JPY,2020-06-05T01:12:04.35,23609442,1069129.0,1069720.0,0.15,0.7312,2052.89338294,1311.07941818,1069651.0,119329.82559614,6168.35924321
BTC_JPY,2020-06-05T01:12:09.48,23609571,1069065.0,1069707.0,0.22,1.0,2049.78018605,1310.7336339,1069651.0,119334.46664574,6168.35924321
BTC_JPY,2020-06-05T01:12:14.063,23609673,1068786.0,1069630.0,0.21,0.3,2051.67459852,1306.98298637,1069065.0,119337.31043566,6168.86924221
BTC_JPY,2020-06-05T01:12:20.02,23609829,1068810.0,1069527.0,0.3,3.7411,2052.93599852,1311.15684628,1069065.0,119343.13522036,6168.86924221
BTC_JPY,2020-06-05T01:12:24.49,23609934,1068839.0,1069519.0,0.05362000000000002,0.1,2053.13341852,1308.46944641,1069065.0,119341.32347852,6168.86924221
BTC_JPY,2020-06-05T01:15:09.73,23612737,1069720.0,1069950.0,0.3,0.70499987,2069.78785945,1304.84116808,1069950.0,119376.81691970001,6155.09767995
BTC_JPY,2020-06-05T01:15:14.24,23612788,1069774.0,1069950.0,0.3,0.70499987,2061.106875,1306.37141533,1069950.0,119382.52575848,6154.98767995
BTC_JPY,2020-06-05T01:15:18.93,23612812,1069785.0,1069840.0,0.15,1.0,2070.81220487,1307.24102533,1069950.0,119384.31536809,6154.98767995
BTC_JPY,2020-06-05T01:15:24.077,23612904,1070032.0,1070320.0,0.7929999999999999,0.1,2060.08280487,1298.77867179,1070173.0,119385.97050039,6156.90208144
BTC_JPY,2020-06-05T01:15:30.24,23613033,1070205.0,1070320.0,0.3,0.1,2069.85672428,1298.13575312,1070173.0,119400.56692973,6157.00208144
BTC_JPY,2020-06-05T01:15:34.29,23613094,1070207.0,1070320.0,0.3,0.1,2070.27684433,1303.88020312,1070173.0,119406.90779479,6156.95208144
BTC_JPY,2020-06-05T01:15:40.057,23613181,1069605.0,1070320.0,0.1,0.1,2068.59885287,1301.19214311,1070064.0,119419.52734295,6157.92208157
BTC_JPY,2020-06-05T01:15:44.42,23613299,1069507.0,1070132.0,0.3,0.059489999999999994,2067.16052986,1301.74563877,1069605.0,119437.56304715,6157.89905772
BTC_JPY,2020-06-05T01:15:49.457,23613418,1069521.0,1070236.0,0.05409,0.6968,2068.24511999,1299.88364878,1069605.0,119450.91040161,6157.29905772
BTC_JPY,2020-06-05T01:15:55.097,23613563,1069746.0,1070240.0,0.1,0.75,2070.25662999,1306.81286878,1069743.0,119452.78776469,6157.44905772
BTC_JPY,2020-06-05T01:15:58.9,23613649,1069767.0,1070240.0,0.05136,0.75,2070.93344,1304.53277166,1069743.0,119461.38372375,6157.39905772
BTC_JPY,2020-06-05T01:16:03.993,23613782,1069767.0,1069790.0,0.1,0.39451388,2071.147953,1298.55282381,1069790.0,119480.32235031,6158.83654384
BTC_JPY,2020-06-05T01:16:10.153,23613949,1069865.0,1070500.0,0.8323,0.04,2070.9083530000007,1295.87083567,1070469.0,119483.75360553,6159.22156177
BTC_JPY,2020-06-05T01:16:15.123,23614069,1069875.0,1070476.0,0.3,0.1,2072.00624724,1297.69083603,1070469.0,119485.00441316,6159.13916301
BTC_JPY,2020-06-05T01:16:19.407,23614171,1069886.0,1070450.0,0.6823,0.0581,2072.24741724,1298.04003603,1070469.0,119485.00361186,6158.48916275
BTC_JPY,2020-06-05T01:16:25.123,23614315,1069899.0,1070476.0,0.6823,0.2,2071.62371724,1294.8652259,1070469.0,119484.89907802,6158.07692891
BTC_JPY,2020-06-05T01:16:30.157,23614434,1069907.0,1070446.0,0.15,0.3202,2070.69048724,1295.16066179,1070451.0,119487.3019839,6158.12692891
BTC_JPY,2020-06-05T01:16:34.33,23614549,1069921.0,1070469.0,0.6776,0.03,2072.13292375,1295.83683254,1070451.0,119488.75231312,6158.05323128
BTC_JPY,2020-06-05T01:16:40.19,23614694,1069960.0,1070458.0,0.25,0.1,2071.44892375,1294.12763254,1070451.0,119471.54620149,6154.50877692
BTC_JPY,2020-06-05T01:16:44.92,23614799,1069969.0,1070456.0,0.15,0.1,2071.48724375,1306.97983254,1070457.0,119464.73411843,6154.52668592
BTC_JPY,2020-06-05T01:16:49.603,23614889,1069980.0,1070458.0,0.7776,0.1,2074.09484375,1307.99873254,1070457.0,119463.09843726,6154.27668592
BTC_JPY,2020-06-05T01:16:54.893,23614987,1069993.0,1070535.0,0.8228,0.1,2074.26244375,1308.04573253,1070500.0,119464.95843726,6154.39668592
BTC_JPY,2020-06-05T01:16:59.49,23615060,1070002.0,1070440.0,0.6728,0.1,2060.59782375,1307.51706179,1070500.0,119465.57446986,6154.32668592
BTC_JPY,2020-06-05T01:17:04.52,23615198,1070102.0,1070546.0,0.6728,0.08,2061.3967894,1302.61309806,1070546.0,119471.12094778,6154.37668592
BTC_JPY,2020-06-05T01:17:10.26,23615324,1070031.0,1070507.0,0.3,0.1,2062.3195794,1306.22819818,1070546.0,119471.72233913,6154.31668592
BTC_JPY,2020-06-05T01:17:14.04,23615412,1069531.0,1070315.0,1.0,0.1515,2056.14215287,1303.51239805,1070030.0,119471.62596993,6155.22168592
BTC_JPY,2020-06-05T01:17:19.57,23615561,1070099.0,1070230.0,0.03,0.4821,2059.00934609,1307.08318485,1070030.0,119487.57872513,6155.17168592
BTC_JPY,2020-06-05T01:17:25.043,23615736,1070238.0,1070248.0,0.15,0.26999999,2059.84790317,1300.75746994,1070237.0,119491.97969913,6155.17168392
BTC_JPY,2020-06-05T01:20:10.07,23618518,1070972.0,1071250.0,0.3,0.0051,2064.08279498,1311.69905852,1071250.0,119479.57549508,6130.94962919
BTC_JPY,2020-06-05T01:20:15.283,23618599,1070982.0,1071250.0,0.25,0.0051,2064.44145529,1308.8303787,1071250.0,119476.2972404,6130.94962919
BTC_JPY,2020-06-05T01:20:19.893,23618664,1070992.0,1071250.0,0.15,0.0051,2064.17045529,1310.24702883,1071250.0,119475.82774579,6130.94962919
BTC_JPY,2020-06-05T01:20:25.083,23618732,1071002.0,1071250.0,0.1,0.0051,2064.29045529,1310.43248883,1071250.0,119474.38981229,6130.94962919
BTC_JPY,2020-06-05T01:20:29.577,23618828,1070615.0,1071371.0,0.97,0.14400000000000002,2061.36999306,1309.7833566,1071009.0,119475.47660254,6132.1764218
BTC_JPY,2020-06-05T01:20:34.683,23618946,1070616.0,1071324.0,0.8532,0.1,2064.35332306,1302.1984865999998,1071000.0,119468.63192399,6132.0684346
BTC_JPY,2020-06-05T01:20:39.847,23619047,1070630.0,1071460.0,0.05875,0.1515,2063.04144306,1306.6578166,1071000.0,119467.2487929,6132.058434600001
BTC_JPY,2020-06-05T01:20:44.637,23619165,1070642.0,1071457.0,0.5532,0.05305,2063.40901306,1310.7512666,1071000.0,119463.34229157,6132.058434600001
BTC_JPY,2020-06-05T01:20:49.18,23619255,1070652.0,1071457.0,0.5532,0.05305,2062.58305306,1302.6856666,1071000.0,119434.0781651,6131.3184346
BTC_JPY,2020-06-05T01:20:55.27,23619367,1070671.0,1071435.0,0.7032,0.0518,2063.10749559,1310.34475979,1071000.0,119426.73297751,6130.2054346
BTC_JPY,2020-06-05T01:20:59.517,23619454,1071000.0,1071459.0,0.0466,0.30000013,2063.33070559,1306.29148979,1071000.0,119424.9755025,6130.2054346
BTC_JPY,2020-06-05T01:21:05.12,23619532,1071000.0,1071586.0,0.0466,0.051279999999999985,2063.37289559,1309.23429707,1071000.0,119426.34821847,6130.2054346
BTC_JPY,2020-06-05T01:21:09.5,23619641,1071007.0,1071668.0,0.4,0.05689,2061.69067559,1310.24934978,1071000.0,119409.90004353,6130.0954346
BTC_JPY,2020-06-05T01:21:14.9,23619749,1071001.0,1071669.0,0.5429,0.13629601,2064.27649559,1308.75141579,1071669.0,119407.57618304,6130.65543846
BTC_JPY,2020-06-05T01:21:19.25,23619806,1071017.0,1071669.0,0.5429,0.13629601,2064.52199559,1310.22741579,1071669.0,119396.05797792,6129.09274374
BTC_JPY,2020-06-05T01:21:24.92,23619916,1071183.0,1071670.0,0.3,0.1,2063.63374546,1308.20345978,1071669.0,119380.8265005,6127.01451282
BTC_JPY,2020-06-05T01:21:29.717,23619977,1071183.0,1071668.0,0.3,0.19,2063.57750404,1309.03031823,1071668.0,119376.46653836,6127.02451282
BTC_JPY,2020-06-05T01:21:35.073,23620020,1071669.0,1071671.0,0.847,0.153,2064.19925391,1308.01331823,1071669.0,119373.97034691,6128.21451282
BTC_JPY,2020-06-05T01:21:39.217,23620118,1071193.0,1071673.0,0.5567,0.1,2063.80680404,1307.51321824,1071669.0,119353.75029454,6129.00161881
BTC_JPY,2020-06-05T01:21:44.22,23620235,1071204.0,1071868.0,0.4,0.05946,2063.54026404,1307.17034611,1071669.0,119345.98081314,6128.10426281
BTC_JPY,2020-06-05T01:21:49.227,23620414,1071443.0,1071990.0,0.5532,0.01,2064.65400259,1298.7187848,1071673.0,119360.36913746,6127.88426281
BTC_JPY,2020-06-05T01:21:54.497,23620561,1071476.0,1071999.0,0.1,0.24,2062.96630299,1302.7303148,1071673.0,119376.63540765,6127.99426281
BTC_JPY,2020-06-05T01:21:59.933,23620673,1071489.0,1071999.0,0.25,0.24,2063.55235259,1305.3802148,1071673.0,119368.63924766,6127.54948246
BTC_JPY,2020-06-05T01:22:04.877,23620795,1071441.0,1071999.0,0.1,0.0794,2061.1670126,1306.72559667,1071673.0,119364.24222064,6127.54948246
BTC_JPY,2020-06-05T01:22:09.393,23620876,1071439.0,1071989.0,0.03,0.0813,2062.7670126,1306.92136667,1071673.0,119353.70770795,6127.51948246
BTC_JPY,2020-06-05T01:22:14.367,23620978,1071673.0,1071989.0,0.1,0.0813,2063.5687126,1308.3890168,1071673.0,119355.63205207,6127.51948246
BTC_JPY,2020-06-05T01:22:20.243,23621031,1071673.0,1071989.0,0.12,0.0813,2062.8277626,1309.2436868,1071673.0,119350.74161436,6127.51948246
BTC_JPY,2020-06-05T01:22:23.733,23621065,1071673.0,1071989.0,0.12,0.0806,2063.0207526,1310.0429868,1071673.0,119350.53944073,6126.70948246
BTC_JPY,2020-06-05T01:25:09.357,23624400,1070199.0,1070499.0,0.2,0.02,2050.97878483,1311.2046172,1070200.0,119475.41869457,6128.54062584
BTC_JPY,2020-06-05T01:25:13.953,23624463,1070199.0,1070499.0,0.2,0.02,2055.65398483,1312.67416891,1070200.0,119475.64122981,6128.54062584
BTC_JPY,2020-06-05T01:25:19.86,23624535,1070199.0,1070454.0,0.2,0.32,2055.25421211,1307.54192632,1070200.0,119479.59674787,6128.54062584
BTC_JPY,2020-06-05T01:25:24.257,23624576,1070200.0,1070381.0,0.0187,3.7411,2054.55266211,1311.86152632,1070199.0,119477.75365246,6127.50062584
BTC_JPY,2020-06-05T01:25:29.793,23624678,1070200.0,1070499.0,0.0187,0.02,2057.11025299,1307.50999178,1070378.0,119499.23846756,6127.67264773
BTC_JPY,2020-06-05T01:25:34.703,23624754,1070200.0,1070499.0,0.0187,0.02,2057.6295177,1316.12609191,1070378.0,119502.01477419998,6127.64364773
BTC_JPY,2020-06-05T01:25:39.98,23624849,1070200.0,1070500.0,0.0187,0.010020000000000001,2056.8827077,1315.05598191,1070378.0,119499.57077823,6127.54364773
BTC_JPY,2020-06-05T01:25:44.727,23624895,1070200.0,1070500.0,0.0187,0.010020000000000001,2058.7997177,1315.66625191,1070378.0,119499.72597729,6127.48364773
BTC_JPY,2020-06-05T01:25:49.243,23624923,1070200.0,1070500.0,0.0187,0.010020000000000001,2058.1482077,1315.65381191,1070378.0,119499.59298573,6127.48364773
BTC_JPY,2020-06-05T01:25:54.353,23624936,1070200.0,1070500.0,0.0187,0.010020000000000001,2058.1482077,1315.56592191,1070378.0,119496.84348042,6127.23364773
BTC_JPY,2020-06-05T01:25:59.373,23624951,1070200.0,1070500.0,0.0187,0.010020000000000001,2058.1582077,1315.51822191,1070378.0,119495.20531092,6126.795716
BTC_JPY,2020-06-05T01:26:04.583,23624971,1070200.0,1070500.0,0.0187,0.010020000000000001,2059.7882077,1315.30822191,1070378.0,119492.374072,6126.795716
BTC_JPY,2020-06-05T01:26:09.697,23625016,1070200.0,1070500.0,0.0187,0.010020000000000001,2058.5224977000007,1315.57428191,1070378.0,119492.55864178,6126.7457159999985
BTC_JPY,2020-06-05T01:26:15.04,23625059,1070200.0,1070500.0,0.0187,0.010020000000000001,2060.0309077,1315.15284191,1070378.0,119474.46884483,6124.798416
BTC_JPY,2020-06-05T01:26:19.927,23625107,1070500.0,1070638.0,0.01998,3.7411,2059.6303177,1315.65239191,1070500.0,119447.76151828,6122.757436
BTC_JPY,2020-06-05T01:26:24.443,23625192,1070500.0,1070627.0,0.00998,1.0,2059.67231771,1315.74539191,1070500.0,119445.11724403,6122.767436
BTC_JPY,2020-06-05T01:26:29.397,23625243,1070200.0,1070616.0,0.0187,0.09,2059.49929345,1315.52034778,1070500.0,119443.1667532,6122.777416
BTC_JPY,2020-06-05T01:26:35.07,23625308,1070200.0,1070604.0,0.0187,0.09,2060.68929358,1314.70034778,1070500.0,119440.10818721,6122.727416
BTC_JPY,2020-06-05T01:26:39.037,23625354,1070200.0,1070584.0,0.0187,1.0,2053.58929358,1314.58034778,1070500.0,119439.76883108,6122.6774159999995
BTC_JPY,2020-06-05T01:26:44.207,23625446,1069953.0,1070572.0,0.5422,0.31,2053.93815358,1314.99034778,1070500.0,119433.98623108,6122.6274159999975
BTC_JPY,2020-06-05T01:26:49.903,23625566,1069743.0,1070526.0,0.15,0.31,2054.22895358,1313.81034778,1070500.0,119430.67810623,6122.577416
BTC_JPY,2020-06-05T01:26:54.617,23625741,1069201.0,1069975.0,0.3,3.7411,2047.47516357,1318.15442778,1069500.0,119455.45480418,6123.526586
BTC_JPY,2020-06-05T01:26:59.34,23625850,1069248.0,1069983.0,0.1,0.15,2049.46522548,1315.65325982,1069500.0,119468.69831719,6123.474586
BTC_JPY,2020-06-05T01:27:04.36,23625980,1069308.0,1069984.0,0.6934,3.7411,2052.03561561,1316.4363472,1069858.0,119481.87863173,6123.784586
BTC_JPY,2020-06-05T01:27:09.513,23626125,1069484.0,1069984.0,0.1,3.7411,2052.19369592,1317.05565013,1069858.0,119487.470476,6123.734586
BTC_JPY,2020-06-05T01:27:14.71,23626245,1069536.0,1070246.0,0.15,1.0,2053.37312592,1313.04691013,1069858.0,119483.99430481,6123.674586
BTC_JPY,2020-06-05T01:27:19.723,23626321,1069559.0,1069858.0,0.1,0.7,2050.64512592,1315.58431013,1069858.0,119479.07825857,6123.544586
BTC_JPY,2020-06-05T01:27:24.883,23626415,1069393.0,1069857.0,0.15,0.07,2051.39645592,1316.83431013,1069857.0,119474.77322710001,6123.514586
BTC_JPY,2020-06-05T01:30:09.41,23629657,1070281.0,1070673.0,0.1,0.1,2055.23642298,1312.7068852,1070465.0,119472.06447208,6128.3614721999975
BTC_JPY,2020-06-05T01:30:14.567,23629780,1070281.0,1070673.0,0.1,0.1,2056.08407028,1314.8672925,1070046.0,119470.51357827,6128.561472199999
BTC_JPY,2020-06-05T01:30:19.297,23629834,1070281.0,1070576.0,0.15,3.7411,2055.77959029,1323.1255425000004,1070779.0,119476.33157827,6129.0414722
BTC_JPY,2020-06-05T01:30:24.69,23629876,1070281.0,1070576.0,0.15,3.074206,2055.82517029,1322.0763485,1070576.0,119475.57296056,6129.7588062
BTC_JPY,2020-06-05T01:30:29.727,23629939,1070288.0,1070865.0,0.1,0.1455,2055.98765029,1318.7325852,1070576.0,119474.14312085,6130.2588062
BTC_JPY,2020-06-05T01:30:34.633,23630034,1070296.0,1070617.0,0.1,2.574206,2054.81831014,1316.85325835,1070576.0,119470.01608998,6130.2388062
BTC_JPY,2020-06-05T01:30:39.04,23630095,1070301.0,1070637.0,0.15,2.074206,2055.12664286,1321.05645835,1070637.0,119467.15996931,6130.3588062
BTC_JPY,2020-06-05T01:30:44.727,23630142,1070301.0,1070576.0,0.3,0.1,2033.71878608,1297.21739629,1070637.0,119463.68096928,6130.8588062
BTC_JPY,2020-06-05T01:30:49.053,23630194,1070580.0,1070637.0,0.014,1.230366,2055.81950608,1318.7278912000004,1070637.0,119465.30997907,6131.3588062
BTC_JPY,2020-06-05T01:30:54.4,23630280,1070637.0,1071027.0,0.01,0.1515,2055.61681609,1312.33223016,1070637.0,119465.57418677,6131.8588062
BTC_JPY,2020-06-05T01:31:00.343,23630437,1070580.0,1071051.0,0.014,0.05043,2054.43690503,1316.75444923,1071221.0,119465.99050665,6132.3688062
BTC_JPY,2020-06-05T01:31:04.723,23630542,1070580.0,1070637.0,0.014,0.098,2055.64206503,1314.84914923,1070637.0,119463.42686852,6132.3711062
BTC_JPY,2020-06-05T01:31:09.233,23630641,1070580.0,1070637.0,0.014,0.098,2055.298761,1317.14422522,1070637.0,119465.87927598,6132.2111061999985
BTC_JPY,2020-06-05T01:31:13.94,23630742,1070580.0,1070637.0,0.014,0.098,2054.05080609,1315.48100615,1070637.0,119466.03605006,6132.2111061999985
BTC_JPY,2020-06-05T01:31:19.217,23630818,1070298.0,1070762.0,0.03,2.560206,2056.02575609,1315.62186119,1070762.0,119465.86341878,6132.3231062
BTC_JPY,2020-06-05T01:31:24.507,23630955,1070011.0,1070744.0,0.15,0.4,2053.773161,1315.25354628,1070230.0,119481.18322459,6132.9531062
BTC_JPY,2020-06-05T01:31:29.867,23631082,1070020.0,1070497.0,0.5033,2.574206,2055.59235332,1316.09699119,1070230.0,119485.39959407,6132.9531062
BTC_JPY,2020-06-05T01:31:34.387,23631153,1070014.0,1070492.0,0.15,0.05204,2054.39033319,1318.08211751,1070230.0,119486.9465948,6132.9531062
BTC_JPY,2020-06-05T01:31:39.713,23631197,1070014.0,1070492.0,0.15,0.05204,2055.204881,1320.92432351,1070230.0,119483.07178125,6132.4111062
BTC_JPY,2020-06-05T01:31:44.56,23631246,1070014.0,1070475.0,0.15,0.05389,2054.272461,1319.68867351,1070230.0,119483.57458344,6132.4031062
BTC_JPY,2020-06-05T01:31:49.797,23631356,1069809.0,1070479.0,0.15,0.058079999999999986,2054.88420087,1321.18394314,1070010.0,119477.16902901,6130.6721062
BTC_JPY,2020-06-05T01:31:54.583,23631460,1069673.0,1070230.0,0.1,0.002,2054.77607295,1322.92656314,1070010.0,119473.78087272,6130.6721062
BTC_JPY,2020-06-05T01:31:59.88,23631541,1069695.0,1070010.0,0.3,0.08,2055.28993294,1320.59986315,1070010.0,119465.72166129,6130.6721062
BTC_JPY,2020-06-05T01:32:04.79,23631604,1069697.0,1070010.0,0.3,0.08,2055.60783294,1322.43741315,1070010.0,119463.8582959,6130.6721062
BTC_JPY,2020-06-05T01:32:09.737,23631682,1069673.0,1070010.0,0.1,0.08,2054.49953294,1321.78936302,1070010.0,119464.83276629,6130.6721062
BTC_JPY,2020-06-05T01:32:14.787,23631739,1069673.0,1070010.0,0.1,0.07,2053.25565281,1322.12959315,1070010.0,119461.68257749,6130.6821062
BTC_JPY,2020-06-05T01:32:19.907,23631778,1069673.0,1070010.0,0.1,0.07,2055.14940294,1322.26876315,1070010.0,119458.70566982,6130.66438492
BTC_JPY,2020-06-05T01:32:25.127,23631809,1069674.0,1070010.0,0.4983,0.07,2053.68325281,1322.55536315,1070010.0,119436.01651972,6130.27442992
BTC_JPY,2020-06-05T01:35:09.007,23634412,1069792.0,1070100.0,0.15,0.185,2055.58194297,1321.45420238,1069781.0,119340.84555972,6125.3228367
BTC_JPY,2020-06-05T01:35:14.277,23634537,1069682.0,1070100.0,0.08002574,0.185,2054.77096158,1320.78928051,1069781.0,119352.97764216,6125.3228367
BTC_JPY,2020-06-05T01:35:20.353,23634643,1069680.0,1070099.0,0.05,0.2691,2052.71280158,1322.59196512,1069781.0,119353.41949866,6123.93873666
BTC_JPY,2020-06-05T01:35:24.963,23634693,1069680.0,1070066.0,0.05,0.05085,2053.87180584,1323.36271512,1069781.0,119350.6145284,6122.73877565
BTC_JPY,2020-06-05T01:35:29.783,23634761,1069680.0,1070089.0,0.05,0.4,2053.39540584,1323.02286512,1069781.0,119349.74402839999,6122.73877565
BTC_JPY,2020-06-05T01:35:34,23634812,1069680.0,1070084.0,0.05,0.05335,2052.84382097,1322.60873051,1069781.0,119347.24646225,6122.0628367
BTC_JPY,2020-06-05T01:35:39.74,23634903,1069680.0,1070073.0,0.05,0.4,2053.29932119,1322.97086512,1069781.0,119344.46167405,6122.0628367
BTC_JPY,2020-06-05T01:35:45.067,23634987,1069680.0,1070100.0,0.05,0.185,2053.82929558,1322.57086512,1069781.0,119342.62227405,6122.0628367
BTC_JPY,2020-06-05T01:35:49.38,23635040,1069680.0,1070084.0,0.05,0.05267,2049.63662132,1322.94353512,1069781.0,119340.45620231,6122.0628367
BTC_JPY,2020-06-05T01:35:54.77,23635093,1069680.0,1070084.0,0.05,0.05492999999999999,2053.82429558,1323.04579512,1069781.0,119340.47836357,6122.0628367
BTC_JPY,2020-06-05T01:36:00,23635173,1069680.0,1070089.0,0.05,0.4,2044.43429558,1322.99086512,1069781.0,119340.26752299,6122.0628367
BTC_JPY,2020-06-05T01:36:04.267,23635260,1069570.0,1070100.0,0.4764,0.185,2044.07429133,1322.54836512,1069781.0,119337.70223023,6122.0628367
BTC_JPY,2020-06-05T01:36:09.68,23635347,1069500.0,1070084.0,0.01,0.05971,2043.62730135,1322.70907512,1069781.0,119337.20989245,6122.0601367
BTC_JPY,2020-06-05T01:36:14.773,23635435,1069500.0,1070100.0,0.01,0.185,2043.69707561,1322.20438051,1069781.0,119336.83199554,6122.0601367
BTC_JPY,2020-06-05T01:36:19.993,23635539,1069500.0,1070068.0,0.01,0.05389,2043.20070135,1323.34775512,1069781.0,119337.80416225,6122.0601367
BTC_JPY,2020-06-05T01:36:24.527,23635633,1069500.0,1069700.0,0.01,0.00158,2043.16437561,1323.05971512,1069781.0,119343.17152495,6122.0601367
BTC_JPY,2020-06-05T01:36:29.343,23635746,1069967.0,1070100.0,0.32,0.185,2046.8163055999999,1317.50418051,1069700.0,119328.65007669,6121.5317166999985
BTC_JPY,2020-06-05T01:36:34.273,23635862,1069774.0,1070100.0,0.475,0.185,2045.29747494,1318.21139446,1069967.0,119324.28675438,6120.6817167
BTC_JPY,2020-06-05T01:36:39.807,23635942,1069778.0,1070100.0,0.3,0.16399999999999998,2046.75824824,1323.19205776,1070100.0,119319.52291859,6119.722716699999
BTC_JPY,2020-06-05T01:36:43.893,23635992,1069662.0,1070100.0,0.3,0.1465,2045.83223099,1323.32605776,1070100.0,119319.04498407,6119.7402167
BTC_JPY,2020-06-05T01:36:49.58,23636070,1069672.0,1070100.0,0.3,0.1465,2046.51969009,1322.71309948,1070100.0,119309.54463424,6119.7402167
BTC_JPY,2020-06-05T01:36:54.38,23636154,1069854.0,1070100.0,0.3,0.1265,2047.12724996,1323.03458961,1069853.0,119298.68165519,6119.7172167
BTC_JPY,2020-06-05T01:36:59.027,23636185,1069856.0,1070100.0,0.3,0.1265,2048.70087009,1323.18358961,1069853.0,119293.37549715,6119.6992167
BTC_JPY,2020-06-05T01:37:04.387,23636238,1069856.0,1070100.0,0.3,0.1265,2047.33719009,1322.87545051,1069853.0,119290.51906692,6119.6932166999995
BTC_JPY,2020-06-05T01:37:10.02,23636299,1069856.0,1070100.0,0.3,0.1265,2048.56547953,1321.94551905,1069853.0,119286.14106666,6119.6932166999995
BTC_JPY,2020-06-05T01:37:14.42,23636344,1069856.0,1070100.0,0.07,0.1265,2048.41070527,1321.65751905,1069856.0,119281.82272704,6119.9232167
BTC_JPY,2020-06-05T01:37:19.333,23636382,1069858.0,1070100.0,0.3,0.1265,2048.84202953,1322.24651905,1069856.0,119281.32259152,6119.9232167
BTC_JPY,2020-06-05T01:37:24.863,23636429,1069860.0,1070100.0,0.3,0.1065,2045.81777953,1322.18763905,1070100.0,119276.53477556,6119.9232167
BTC_JPY,2020-06-05T01:40:09.457,23639898,1070908.0,1071456.0,0.3,0.429,2046.21661839,1320.5291746,1071473.0,119371.17770639,6121.31303242
BTC_JPY,2020-06-05T01:40:15.297,23640029,1070700.0,1071416.0,0.456,0.1,2047.2932784,1319.9291146,1071441.0,119373.79255026,6121.32303242
BTC_JPY,2020-06-05T01:40:19.9,23640133,1070709.0,1071379.0,0.3,0.4191,2046.30773995,1320.19862615,1071441.0,119375.79793952,6121.32303242
BTC_JPY,2020-06-05T01:40:24.18,23640233,1071074.0,1071489.0,0.05786,0.4,2047.16689994,1320.16892615,1071000.0,119379.53017589,6121.57053242
BTC_JPY,2020-06-05T01:40:30.3,23640336,1071086.0,1071500.0,0.05786,0.31,2043.87007922,1321.04218543,1071000.0,119383.19517589,6121.57053242
BTC_JPY,2020-06-05T01:40:34.4,23640418,1071095.0,1071500.0,0.35786,0.31,2046.79007922,1320.82666543,1071000.0,119375.40903618,6121.57053242
BTC_JPY,2020-06-05T01:40:40.23,23640524,1071108.0,1071500.0,0.15,0.31,2047.15140922,1320.96968543,1071000.0,119373.77112941,6120.57053242
BTC_JPY,2020-06-05T01:40:44.6,23640593,1071160.0,1071500.0,0.15,0.31,2047.20340922,1321.16492543,1071000.0,119375.25879701,6120.39553392
BTC_JPY,2020-06-05T01:40:49.673,23640680,1071170.0,1071500.0,0.15,0.31,2046.82063099,1322.30438543,1071166.0,119377.09665565,6120.60553392
BTC_JPY,2020-06-05T01:40:54.907,23640774,1071179.0,1071500.0,0.15,0.36,2047.66114925,1318.07867546,1071166.0,119378.36755565,6120.60553392
BTC_JPY,2020-06-05T01:40:59.89,23640856,1070696.0,1071478.0,0.4578,0.1,2046.62223926,1322.14442546,1071140.0,119382.12732519998,6120.92553392
BTC_JPY,2020-06-05T01:41:05.103,23640996,1070747.0,1071446.0,0.6078,0.3825,2047.78342926,1322.88782546,1071140.0,119382.72572899,6120.84069392
BTC_JPY,2020-06-05T01:41:09.627,23641143,1071070.0,1071500.0,0.7578,0.36,2050.24394865,1321.74435485,1071140.0,119385.704835,6120.84069392
BTC_JPY,2020-06-05T01:41:13.927,23641255,1071086.0,1071500.0,0.4578,0.36,2047.54465865,1317.67163485,1071140.0,119388.82782823,6120.84069392
BTC_JPY,2020-06-05T01:41:19.98,23641421,1071149.0,1071500.0,0.32,0.05999987,2048.27343865,1321.41123472,1071500.0,119393.9871341,6120.91574771
BTC_JPY,2020-06-05T01:41:25.27,23641556,1071432.0,1071997.0,0.3,0.147,2048.4065186000007,1319.28733472,1071999.0,119391.28569574,6121.91574771
BTC_JPY,2020-06-05T01:41:29.143,23641625,1071437.0,1071981.0,0.20786,0.057129999999999986,2048.2143786,1316.38006472,1071999.0,119389.80448261,6121.90574771
BTC_JPY,2020-06-05T01:41:34.257,23641693,1071445.0,1071965.0,0.15,0.0192,2049.2425786,1319.04313472,1071965.0,119391.7132714,6121.87574771
BTC_JPY,2020-06-05T01:41:39.713,23641769,1071432.0,1071997.0,0.36600013,0.147,2048.786721,1318.78221459,1071432.0,119389.89994654,6121.42574771
BTC_JPY,2020-06-05T01:41:44.477,23641837,1071434.0,1071986.0,0.05786,0.4,2049.5592032,1319.20182914,1071432.0,119388.91458928,6121.42574771
BTC_JPY,2020-06-05T01:41:49.987,23641968,1071439.0,1071998.0,0.7453,0.1,2046.9448232,1318.72535927,1071999.0,119389.21257833,6120.6414276999985
BTC_JPY,2020-06-05T01:41:54.92,23642049,1071449.0,1071987.0,0.3,0.1,2049.9707432,1318.93188914,1071999.0,119388.71094163,6119.75827601
BTC_JPY,2020-06-05T01:42:00.14,23642153,1071308.0,1071999.0,0.5879,0.1,2049.6390032,1318.29595927,1072000.0,119391.86694163,6120.75827601
BTC_JPY,2020-06-05T01:42:04.373,23642223,1071321.0,1071999.0,0.4379,0.1,2049.17003824,1317.69127431,1072000.0,119391.56249349,6120.29827601
BTC_JPY,2020-06-05T01:42:09.56,23642356,1071381.0,1071999.0,0.5879,0.1,2050.207371,1318.01554707,1071355.0,119400.97075153,6120.30927601
BTC_JPY,2020-06-05T01:42:14.657,23642473,1071429.0,1072000.0,0.4502,12.15349993,2049.760671,1316.98577707,1072000.0,119414.00625203,6121.64427602
BTC_JPY,2020-06-05T01:42:19.417,23642576,1071474.0,1072000.0,0.3,12.15349993,2049.62267107,1316.62205707,1072000.0,119402.82652598,6120.53674758
BTC_JPY,2020-06-05T01:42:24.917,23642708,1071328.0,1071896.0,0.15,0.04214,2048.30652107,1315.17079431,1072000.0,119414.53698068,6120.03847241
BTC_JPY,2020-06-05T01:45:09.327,23645884,1072261.0,1072926.0,0.8935,0.29,2047.17615239,1301.82205736,1072955.0,119626.21058904,6206.29116174
BTC_JPY,2020-06-05T01:45:14.303,23645990,1072370.0,1073074.0,0.7935,0.29,2045.67628726,1302.01169223,1072955.0,119628.11262904,6206.29116174
BTC_JPY,2020-06-05T01:45:19.717,23646099,1072384.0,1073086.0,0.1455,0.1,2045.97178726,1303.14694794,1072955.0,119631.06616378,6206.24116174
BTC_JPY,2020-06-05T01:45:24.93,23646211,1072926.0,1073296.0,0.05,0.001,2046.7484377,1299.50141267,1073176.0,119650.96390206,6206.62264908
BTC_JPY,2020-06-05T01:45:29.527,23646316,1072834.0,1073176.0,0.7526,0.03,2046.5591077,1306.20858454,1072955.0,119656.57621488,6207.19864908
BTC_JPY,2020-06-05T01:45:34.65,23646425,1072831.0,1073320.0,0.7527,0.14,2047.59816757,1305.70104454,1073319.0,119654.21247247,6206.56324908
BTC_JPY,2020-06-05T01:45:39.493,23646528,1072835.0,1073319.0,0.7479,0.1,2047.7388477000002,1305.47322467,1073319.0,119640.56704649,6206.45591154
BTC_JPY,2020-06-05T01:45:44.653,23646656,1073075.0,1073489.0,0.32,0.1,2047.4302277,1304.38239467,1073320.0,119647.88783543,6206.73124908
BTC_JPY,2020-06-05T01:45:48.97,23646717,1073077.0,1073489.0,0.2,0.1,2047.70447588,1305.02549454,1073320.0,119648.5668302,6207.73124908
BTC_JPY,2020-06-05T01:45:54.833,23646788,1073076.0,1073488.0,0.38621291,0.1,2046.80244588,1304.41034454,1073077.0,119650.48203854,6208.78124908
BTC_JPY,2020-06-05T01:45:59.153,23646843,1073078.0,1073476.0,0.1,0.1,2047.86344588,1304.39256031,1073320.0,119654.16380636,6208.88124908
BTC_JPY,2020-06-05T01:46:04.487,23647000,1072615.0,1073395.0,0.0875,0.8883,2044.75644297,1307.9452803,1072741.0,119674.88473359,6210.90746199
BTC_JPY,2020-06-05T01:46:09.22,23647145,1072500.0,1073067.0,0.0463,0.05694,2045.24101405,1307.29772065,1072603.0,119693.68075381,6211.08196199
BTC_JPY,2020-06-05T01:46:14.983,23647309,1072500.0,1073023.0,0.0463,0.15,2045.16140405,1309.913861,1072603.0,119708.22352892,6211.08196199
BTC_JPY,2020-06-05T01:46:19.937,23647434,1072500.0,1072966.0,0.0463,0.3,2044.46664405,1310.336401,1072603.0,119704.87706074,6210.89988583
BTC_JPY,2020-06-05T01:46:24.923,23647545,1072500.0,1072911.0,0.0463,0.3,2044.24456405,1309.217001,1072603.0,119706.97567987,6210.89988583
BTC_JPY,2020-06-05T01:46:30.19,23647660,1072200.0,1072866.0,0.009000000000000001,0.3,2043.22883297,1308.947151,1072491.0,119709.00126026,6211.43988583
BTC_JPY,2020-06-05T01:46:34.553,23647772,1072201.0,1072833.0,0.88651144,0.7164,2044.61984441,1308.65159136,1072491.0,119716.62110527,6211.43988583
BTC_JPY,2020-06-05T01:46:39.96,23647911,1072201.0,1072786.0,0.38651144,0.1,2043.75584441,1309.19519136,1072821.0,119721.67724414,6210.49528583
BTC_JPY,2020-06-05T01:46:44.37,23648018,1072623.0,1073065.0,0.7104,0.1,2047.92733297,1308.09445248,1072821.0,119735.96475126,6210.30428583
BTC_JPY,2020-06-05T01:46:49.853,23648117,1072492.0,1073053.0,0.7104,0.1,2048.45783552,1308.38477235,1072821.0,119743.21007480001,6209.30428583
BTC_JPY,2020-06-05T01:46:55.31,23648257,1072492.0,1072821.0,0.7104,0.3,2049.34603539,1307.3511798,1072821.0,119749.87700032,6209.30428583
BTC_JPY,2020-06-05T01:46:59.86,23648347,1072505.0,1073076.0,0.7093,0.0015,2049.98773552,1309.73727248,1072821.0,119745.11532607,6208.14494752
BTC_JPY,2020-06-05T01:47:04.56,23648443,1072511.0,1073076.0,0.7093,0.0015,2049.84193552,1308.35087249,1072821.0,119751.72003856,6208.14494752
BTC_JPY,2020-06-05T01:47:09.56,23648560,1072505.0,1073076.0,0.47,0.0015,2050.38418552,1308.37541249,1072821.0,119751.78636698,6208.13494752
BTC_JPY,2020-06-05T01:47:14.897,23648623,1072530.0,1073076.0,0.63,0.0015,2050.66518552,1308.28271249,1072821.0,119757.92136698,6208.13494752
BTC_JPY,2020-06-05T01:47:19.76,23648672,1072865.0,1073076.0,0.83,0.0015,2048.83423539,1309.68078236,1072865.0,119764.58923046,6208.30494752
BTC_JPY,2020-06-05T01:47:24.167,23648800,1072866.0,1073076.0,0.7041,0.0015,2050.76425954,1301.26137994,1072835.0,119791.4261494,6209.63494752
BTC_JPY,2020-06-05T01:50:09.303,23653201,1069722.0,1070184.0,0.1,0.2779,2037.52711181,1294.79873221,1070304.0,120184.99138848,6241.08714067
BTC_JPY,2020-06-05T01:50:14.843,23653374,1069004.0,1069815.0,0.74,0.7408,2040.54668214,1296.45253005,1069868.0,120192.96150249,6236.56285952
BTC_JPY,2020-06-05T01:50:20.01,23653509,1069381.0,1069901.0,0.42,0.05757,2040.43940484,1306.38034087,1069868.0,120189.20861139998,6236.36285952
BTC_JPY,2020-06-05T01:50:24.357,23653565,1069380.0,1069638.0,0.03258,0.68481099,2038.91205283,1308.87418212,1069868.0,120191.16581276,6236.41725952
BTC_JPY,2020-06-05T01:50:29.017,23653621,1069393.0,1069874.0,0.17,0.1,2041.0879751,1310.53573705,1069868.0,120188.54382681,6236.41725952
BTC_JPY,2020-06-05T01:50:34.863,23653699,1069391.0,1069874.0,0.17,0.32,2042.95847497,1311.96458243,1069868.0,120187.77274327,6236.41725952
BTC_JPY,2020-06-05T01:50:39.46,23653754,1069380.0,1069874.0,0.03258,0.32,2042.22687497,1312.34368057,1069868.0,120197.01139001,6236.38725952
BTC_JPY,2020-06-05T01:50:44.107,23653863,1069380.0,1069842.0,0.40258,0.1,2042.4144051,1309.57344856,1069636.0,120205.74758177,6236.58725952
BTC_JPY,2020-06-05T01:50:49.92,23653966,1069381.0,1069899.0,0.05289987,0.04710013,2042.63950898,1308.47238458,1069636.0,120207.08603424,6236.48725952
BTC_JPY,2020-06-05T01:50:55.137,23654006,1069381.0,1069831.0,0.05289987,0.32,2043.44294898,1311.80506458,1069636.0,120212.45078535,6236.48625952
BTC_JPY,2020-06-05T01:50:59.74,23654084,1069405.0,1070030.0,0.17,0.15,2042.65855309,1311.01904603,1069963.0,120219.23356645,6237.38675952
BTC_JPY,2020-06-05T01:51:05.15,23654232,1069468.0,1069810.0,0.5,0.15,2043.32064186,1313.76063603,1069380.0,120239.85738221,6238.22746366
BTC_JPY,2020-06-05T01:51:09.273,23654321,1069171.0,1069826.0,0.1,0.3,2042.82951023,1305.96420397,1069803.0,120254.48288195,6238.72930669
BTC_JPY,2020-06-05T01:51:14.95,23654495,1069160.0,1069774.0,0.98,0.622,2039.78397023,1311.98920396,1069803.0,120263.05434973,6238.72737669
BTC_JPY,2020-06-05T01:51:19.733,23654606,1069160.0,1069750.0,0.98,0.622,2039.51397023,1311.34425396,1069803.0,120267.80599003,6238.72737669
BTC_JPY,2020-06-05T01:51:24.34,23654694,1069271.0,1069802.0,0.32,0.09,2037.28434978,1310.81424352,1069749.0,120273.94637445,6238.73737669
BTC_JPY,2020-06-05T01:51:29.447,23654774,1069283.0,1069802.0,0.64,0.09,2040.05821978,1307.05505352,1069749.0,120290.40522768,6238.73737669
BTC_JPY,2020-06-05T01:51:34.857,23654829,1069295.0,1069802.0,0.78,0.19,2040.11941978,1311.35472352,1069749.0,120289.78183189,6238.2369758
BTC_JPY,2020-06-05T01:51:39.693,23654889,1069349.0,1069802.0,0.5,0.1,2039.71571978,1311.66481352,1069749.0,120294.50149692,6238.2369758
BTC_JPY,2020-06-05T01:51:44.817,23654962,1069349.0,1069798.0,0.5,0.722,2039.34187978,1312.60681352,1069749.0,120297.52131213,6238.2369758
BTC_JPY,2020-06-05T01:51:49.757,23655035,1069359.0,1069796.0,0.5,0.1,2039.84138978,1311.36656352,1069749.0,120299.25244184,6238.2369758
BTC_JPY,2020-06-05T01:51:54.763,23655070,1069360.0,1069802.0,0.6,0.09,2041.65935978,1310.17445352,1069749.0,120300.30478586,6238.2369758
BTC_JPY,2020-06-05T01:51:59.597,23655127,1069359.0,1069800.0,0.5,0.09,2041.56160978,1311.94205352,1069749.0,120302.09478288,6238.2369758
BTC_JPY,2020-06-05T01:52:04.123,23655175,1069359.0,1069800.0,0.5,0.19,2041.47260978,1311.00005352,1069749.0,120305.38513333,6238.2369758
BTC_JPY,2020-06-05T01:52:09.753,23655273,1069459.0,1069803.0,0.5,0.2779,2040.96811978,1311.78432352,1069802.0,120297.64699914,6235.35515708
BTC_JPY,2020-06-05T01:52:15.16,23655446,1070293.0,1070973.0,0.147,0.1,2043.18190658,1297.60102842,1071070.0,120317.36739634,6242.02433894
BTC_JPY,2020-06-05T01:52:19.48,23655590,1070867.0,1071363.0,0.05123,0.05,2046.94117218,1300.24193978,1071363.0,120353.685743,6242.37433994
BTC_JPY,2020-06-05T01:52:24.877,23655707,1071119.0,1071363.0,0.32,0.13,2043.92343056,1301.0852499000002,1071363.0,120380.32211339,6241.11533994
BTC_JPY,2020-06-05T01:55:09.677,23659929,1071305.0,1071924.0,0.6239,0.3342,2044.17501245,1309.33466821,1071930.0,120664.21004017,6245.20617439
BTC_JPY,2020-06-05T01:55:14.95,23660078,1071661.0,1071919.0,0.0695,0.15,2047.46604819,1311.36640883,1071661.0,120672.44172848,6245.25467439
BTC_JPY,2020-06-05T01:55:19.87,23660169,1071661.0,1071916.0,0.0695,0.3,2044.70374619,1310.76677834,1071661.0,120674.04722848,6245.19467439
BTC_JPY,2020-06-05T01:55:24.417,23660279,1071661.0,1071904.0,0.0695,0.15,2044.70981619,1309.94706821,1071661.0,120671.31655369,6245.14667439
BTC_JPY,2020-06-05T01:55:29.363,23660387,1071661.0,1072096.0,0.0695,0.15,2044.7030077,1308.15840871,1071661.0,120674.34212943,6245.14667439
BTC_JPY,2020-06-05T01:55:35.027,23660551,1071765.0,1072300.0,0.126,0.005,2045.16764619,1308.7639187,1071675.0,120690.7346296,6245.34667439
BTC_JPY,2020-06-05T01:55:39.31,23660639,1071765.0,1072300.0,0.30000013,0.005,2045.20314619,1310.78986833,1071675.0,120698.92506537,6245.07167439
BTC_JPY,2020-06-05T01:55:44.477,23660736,1071663.0,1072300.0,0.1485,0.005,2044.8163057,1310.06612376,1071675.0,120702.20906537,6244.67167439
BTC_JPY,2020-06-05T01:55:49.13,23660823,1071661.0,1072273.0,0.0695,0.27,2045.9283857,1310.40214376,1071675.0,120701.24280348,6244.47167439
BTC_JPY,2020-06-05T01:55:54.613,23660870,1071661.0,1072263.0,0.0695,0.1,2047.28192113,1312.68577363,1071675.0,120697.45537917,6244.47167439
BTC_JPY,2020-06-05T01:55:59.817,23660947,1071495.0,1072239.0,0.6012,0.27,2048.32394113,1311.30345363,1071494.0,120694.17623787,6244.79166439
BTC_JPY,2020-06-05T01:56:04.143,23661007,1071511.0,1072289.0,0.6012,0.27,2047.99874113,1308.35210376,1071494.0,120691.39484908,6244.51066439
BTC_JPY,2020-06-05T01:56:09.377,23661114,1071510.0,1072257.0,1.0,0.1403,2046.50954113,1308.59240376,1071510.0,120684.90885372,6244.73066439
BTC_JPY,2020-06-05T01:56:14.583,23661218,1072057.0,1072300.0,0.56765304,0.005,2046.29819417,1309.74306834,1072057.0,120680.16171191,6245.16301135
BTC_JPY,2020-06-05T01:56:19.35,23661337,1072102.0,1072540.0,0.7307,1.1,2050.26775634,1306.14126821,1072102.0,120670.93671917,6245.37001135
BTC_JPY,2020-06-05T01:56:24.65,23661441,1072540.0,1072764.0,1.0,0.93799999,2049.21751577,1307.1326597000002,1072764.0,120680.58163739,6246.84001135
BTC_JPY,2020-06-05T01:56:29.603,23661538,1072152.0,1072758.0,0.15,0.1,2047.15964728,1308.69760834,1072540.0,120689.31526646,6247.84001135
BTC_JPY,2020-06-05T01:56:34.51,23661676,1072057.0,1072749.0,0.56765304,0.1,2047.46856799,1309.72129179,1072540.0,120698.87455442,6247.84001135
BTC_JPY,2020-06-05T01:56:39.043,23661840,1071652.0,1072526.0,0.02,0.15,2043.73847137,1306.32669179,1072057.0,120705.48278557,6249.82666489
BTC_JPY,2020-06-05T01:56:44.327,23661986,1071695.0,1072316.0,0.6027,0.1189,2046.8068491000001,1306.45786594,1072057.0,120718.24373088,6249.82666489
BTC_JPY,2020-06-05T01:56:49.597,23662089,1071612.0,1072281.0,0.1,0.27,2046.7980491,1307.04940594,1072057.0,120718.38704109,6249.82666489
BTC_JPY,2020-06-05T01:56:55.047,23662228,1071984.0,1072540.0,0.6027,0.2,2047.5583491,1304.50614594,1072057.0,120733.31726738,6249.84566489
BTC_JPY,2020-06-05T01:57:00.197,23662346,1071993.0,1072540.0,0.59,0.2,2046.0876997,1304.44976594,1072057.0,120723.2173322,6249.68566489
BTC_JPY,2020-06-05T01:57:04.55,23662452,1071984.0,1072515.0,0.6027,0.27,2043.9515921,1305.97645593,1072057.0,120719.88875427,6249.58566489
BTC_JPY,2020-06-05T01:57:09.343,23662573,1071983.0,1072384.0,0.65,0.7027,2044.8396997000002,1308.97576593,1072057.0,120722.06062411,6249.58566489
