product_code,timestamp,tick_id,best_bid,best_ask,best_bid_size,best_ask_size,total_bid_depth,total_ask_depth,ltp,volume,volume_by_product
BTC_JPY,2020-05-21T23:55:03.64,1358714,977450.0,977749.0,0.07205,0.02795,1641.57467678,2008.96395285,977404.0,147649.84706826,8948.16626761
BTC_JPY,2020-05-21T23:55:08.537,1358795,977458.0,977749.0,0.15,0.007948,1641.00362878,2009.29375084,977749.0,147653.98317276,8948.18626961
BTC_JPY,2020-05-21T23:55:13.72,1358929,977450.0,977886.0,0.02,0.4124,1639.52652158,2011.05364394,977749.0,147664.71780319,8948.19421761
BTC_JPY,2020-05-21T23:55:18.39,1359018,977450.0,977884.0,0.02,0.1,1640.40662171,2011.50214394,977749.0,147667.10295879,8948.19421761
BTC_JPY,2020-05-21T23:55:23.253,1359087,977451.0,977855.0,0.05,0.41,1640.03952171,2010.55824394,977749.0,147667.21295879,8948.19421761
BTC_JPY,2020-05-21T23:55:28.103,1359174,977454.0,977857.0,0.1,0.41,1638.74744679,2007.79226915,977749.0,147668.55756817,8948.19421761
BTC_JPY,2020-05-21T23:55:33.123,1359251,977463.0,977858.0,0.15,0.99979999,1638.61694692,2007.94226915,977749.0,147670.94756817,8948.19421761
BTC_JPY,2020-05-21T23:55:38.523,1359374,977476.0,977912.0,0.1,0.1,1640.23794692,2007.94916915,977749.0,147678.95229193,8948.19421761
BTC_JPY,2020-05-21T23:55:43.327,1359450,977486.0,977911.0,0.1,0.4122,1640.00774692,2007.69146915,977749.0,147680.69253977,8948.19421761
BTC_JPY,2020-05-21T23:55:48.1,1359530,977493.0,977912.0,0.6047,0.1,1639.96354679,2008.31526915,977749.0,147681.30253977,8948.19421761
BTC_JPY,2020-05-21T23:55:53.867,1359603,977750.0,977912.0,0.05,0.08975,1641.00724692,2009.47501915,977912.0,147683.73378977,8948.20446761
BTC_JPY,2020-05-21T23:55:58.26,1359639,977752.0,977993.0,0.4558,0.99979999,1640.6976190999999,2008.52989684,977912.0,147685.73625101,8948.20446761
BTC_JPY,2020-05-21T23:56:02.577,1359707,977756.0,977993.0,0.2,0.99979999,1641.3832713,2008.54674134,977912.0,147652.17632409,8947.33061836
BTC_JPY,2020-05-21T23:56:08.823,1359736,977756.0,977993.0,0.2,0.99979999,1640.40424877,2009.00674134,977912.0,147654.3665553,8947.33061836
BTC_JPY,2020-05-21T23:56:13.893,1359814,977450.0,977742.0,0.02,0.41700000000000004,1638.06209864,2010.57804134,977749.0,147662.2393971,8947.76921836
BTC_JPY,2020-05-21T23:56:18.27,1359923,977450.0,977858.0,0.02,0.47249999,1639.20424877,2009.32954133,977619.0,147667.93890933,8947.77921836
BTC_JPY,2020-05-21T23:56:23.17,1360019,977451.0,977582.0,0.2,0.98979999,1640.05784877,2011.71234131,977619.0,147668.79890933,8947.77921836
BTC_JPY,2020-05-21T23:56:28.717,1360111,977450.0,977580.0,0.02,0.4154,1639.61747394,2011.62774131,977619.0,147670.78246933,8947.77921836
BTC_JPY,2020-05-21T23:56:33.17,1360154,977450.0,977582.0,0.02,0.98979999,1639.32147394,2011.18474131,977619.0,147671.86246933,8947.77921836
BTC_JPY,2020-05-21T23:56:39.007,1360214,977450.0,977580.0,0.02,0.4154,1639.82112511,1997.66574131,977619.0,147673.40246933,8947.77921836
BTC_JPY,2020-05-21T23:56:43.613,1360265,977450.0,977581.0,0.02,0.1,1639.65842511,1996.93034131,977619.0,147674.57246933,8947.77921836
BTC_JPY,2020-05-21T23:56:48.5,1360335,977105.0,977403.0,0.2,0.4154,1638.97958061,1992.85472341,977404.0,147676.19260367,8947.81921836
BTC_JPY,2020-05-21T23:56:53.83,1360502,977130.0,977791.0,0.5126,0.28,1640.23603023,1993.89027449,977105.0,147683.51746827,8948.01921836
BTC_JPY,2020-05-21T23:56:58.03,1360597,977141.0,977496.0,0.4147,0.98979999,1640.17723036,1995.26567449,977105.0,147688.24006827,8948.01921836
BTC_JPY,2020-05-21T23:57:03.04,1360677,977017.0,977484.0,0.2,0.1,1640.15004806,1994.54837449,977404.0,147667.14795967,8943.44719846
BTC_JPY,2020-05-21T23:57:08.533,1360780,977104.0,977427.0,0.01,0.28,1638.76948236,2000.26272341,977404.0,147670.96196558,8943.44719846
BTC_JPY,2020-05-21T23:57:13.17,1360908,976853.0,977396.0,0.2,0.3281,1639.62126483,2001.35417465,977104.0,147671.73308223,8943.45719846
BTC_JPY,2020-05-21T23:57:18.373,1360937,976853.0,977206.0,0.2,0.3285,1640.26046483,2001.86437465,977104.0,147673.91308223,8943.45719846
BTC_JPY,2020-05-22T00:00:03.993,1364834,976757.0,977212.0,0.05,0.309,1632.23825404,1996.05597642,977238.0,148049.17348825,8969.02108304
BTC_JPY,2020-05-22T00:00:08.207,1364894,976758.0,977202.0,0.2,0.12004511,1630.39901362,2000.34298111,977238.0,147872.53135496,8969.02108304
BTC_JPY,2020-05-22T00:00:13.027,1364960,976760.0,977178.0,0.05,0.1,1642.96014253,2001.19380291,977201.0,147901.32591981,8969.12358304
BTC_JPY,2020-05-22T00:00:18.917,1365144,976077.0,976754.0,0.17,0.4214,1638.58799066,1998.71103731,976332.0,147921.31212702,8969.98258303
BTC_JPY,2020-05-22T00:00:23.203,1365243,976091.0,976746.0,0.05,0.4268,1642.70720655,2001.93454397,976747.0,147949.74911697,8970.20158939
BTC_JPY,2020-05-22T00:00:28.293,1365379,975522.0,975941.0,0.5,0.32,1639.91051855,2003.36559838,975522.0,147968.60408786,8971.82258938
BTC_JPY,2020-05-22T00:00:33.737,1365568,974640.0,975047.0,0.0065,0.44999999,1633.55140785,1997.09427153,974711.0,147980.30888935,8974.40318937
BTC_JPY,2020-05-22T00:00:38.493,1365706,974500.0,975043.0,1.8065,0.4179,1633.87745259,2000.3423284000005,975044.0,148007.27933598,8975.14418937
BTC_JPY,2020-05-22T00:00:43.91,1365892,975042.0,975044.0,0.001,0.08799364,1635.66341473,1996.89896299,974844.0,148024.06131108,8976.09474855
BTC_JPY,2020-05-22T00:00:48.037,1365998,974500.0,974719.0,1.0774,0.32,1634.98703785,1996.39513535,975045.0,148036.81918136,8976.59674855
BTC_JPY,2020-05-22T00:00:53.65,1366185,974548.0,975329.0,0.4206,0.47249999,1632.98502623,1993.11060722,975047.0,148064.04436968,8978.80410787
BTC_JPY,2020-05-22T00:00:58.467,1366319,975000.0,975042.0,0.1,0.0193995,1635.98920751,1999.19878548,975042.0,148101.67825018,8979.98970787
BTC_JPY,2020-05-22T00:01:03.787,1366458,975426.0,975940.0,0.1,0.32,1637.34013566,1994.60530722,975329.0,147966.08542716,8976.77099021
BTC_JPY,2020-05-22T00:01:08.197,1366588,975452.0,975982.0,0.5243,0.05,1638.68870763,1998.05568599,975940.0,147986.43285515,8976.77299021
BTC_JPY,2020-05-22T00:01:13.437,1366693,975545.0,975976.0,0.1,0.049,1640.93815553,1997.3185814,975976.0,147996.44425825,8976.77399021
BTC_JPY,2020-05-22T00:01:18.673,1366787,975401.0,975987.0,0.4256,0.47149999,1639.63652057,1999.88327455,975388.0,148016.19912583,8977.77599021
BTC_JPY,2020-05-22T00:01:23.04,1366872,975425.0,975927.0,0.1,0.049,1638.5564262,1995.61026832,975927.0,148035.23262456,8977.77799021
BTC_JPY,2020-05-22T00:01:27.973,1366995,975401.0,975926.0,0.00250563,0.05,1642.33909561,2000.62836712,975987.0,148039.69142456,8978.77799021
BTC_JPY,2020-05-22T00:01:33.073,1367070,975425.0,975929.0,0.3494,0.16,1643.59349561,2000.62516712,975388.0,148041.85894946,8979.28799021
BTC_JPY,2020-05-22T00:01:38.623,1367186,975478.0,975929.0,0.3902,0.16,1643.91252698,2000.15240112,975388.0,148048.54142702,8979.28799021
BTC_JPY,2020-05-22T00:01:43.817,1367324,975424.0,975928.0,0.1,0.1,1640.46427014,1999.91637723,975928.0,148071.49766416,8979.30799121
BTC_JPY,2020-05-22T00:01:48.1,1367377,975411.0,975928.0,0.1,0.1,1640.99709403,2000.68457723,975424.0,148079.29362693,8979.30899121
BTC_JPY,2020-05-22T00:01:53.523,1367442,975388.0,975904.0,3.60250563,0.4237,1639.43146256,2001.00906978,975905.0,148086.43762693,8979.80999121
BTC_JPY,2020-05-22T00:01:58.683,1367517,975416.0,975905.0,0.1,0.099,1640.46766269,2000.64380112,975900.0,148090.74375478,8979.81099121
BTC_JPY,2020-05-22T00:02:04.237,1367620,975388.0,975903.0,3.60250563,0.1,1629.90196268,2001.60384329,975905.0,147924.273506,8968.1143302
BTC_JPY,2020-05-22T00:02:08.613,1367771,974005.0,975289.0,0.1,0.1,1624.77702472,2000.57434329,975290.0,147946.55729086,8972.77783583
BTC_JPY,2020-05-22T00:02:13.57,1367964,974036.0,974894.0,0.48734896,0.4571,1628.80626789,2002.69739852,974920.0,147975.82735355,8973.25883583
BTC_JPY,2020-05-22T00:02:18.183,1368082,974005.0,974890.0,0.1,0.05,1628.22322529,1998.62109852,974854.0,147983.12701507,8973.26083583
BTC_JPY,2020-05-22T00:05:03.493,1371934,973711.0,974363.0,0.1,0.4508,1608.27711387,1992.46743407,974214.0,147926.02319629,8967.25882478
BTC_JPY,2020-05-22T00:05:08.137,1372037,973707.0,974363.0,0.32,0.4489,1608.09954857,2001.21306454,974214.0,147930.10473984,8967.36482478
BTC_JPY,2020-05-22T00:05:13.973,1372194,973772.0,974364.0,0.1,0.09699999999999999,1607.84360431,1998.66910918,974363.0,147938.37062984,8967.36682478
BTC_JPY,2020-05-22T00:05:19.083,1372277,973722.0,974000.0,0.1,3.0,1621.79235968,2004.27316441,974363.0,147952.74390995,8967.36682478
BTC_JPY,2020-05-22T00:05:23.303,1372342,973738.0,974000.0,0.05,1.87535664,1620.66195955,2002.53052118,974000.0,147968.68018331,8968.49146814
BTC_JPY,2020-05-22T00:05:28.097,1372405,973582.0,973999.0,0.1,0.099,1621.23627387,2002.13443459,973396.0,147974.08321531,8970.50406176
BTC_JPY,2020-05-22T00:05:34.02,1372500,973621.0,974000.0,0.1,1.43164202,1622.74630676,2001.1543465,974000.0,147989.57100218,8971.03418276
BTC_JPY,2020-05-22T00:05:38.223,1372572,973661.0,974000.0,0.05,1.43164202,1625.84789493,2000.31680657,974000.0,147993.31350218,8971.03418276
BTC_JPY,2020-05-22T00:05:43.87,1372651,973532.0,973999.0,0.1,0.4564,1624.59694598,2002.82580647,974000.0,148004.05184613,8971.03418276
BTC_JPY,2020-05-22T00:05:48.087,1372725,973503.0,973999.0,0.1,0.44210638,1628.14394611,2002.90805279,973999.0,148006.56202882,8971.04677638
BTC_JPY,2020-05-22T00:05:53.27,1372794,973538.0,973999.0,0.05,0.43010638,1628.99794611,2005.60205296,973999.0,148007.32302882,8971.05877638
BTC_JPY,2020-05-22T00:05:58.31,1372855,973574.0,973999.0,0.15,0.07610638,1628.60640605,2003.40705296,973999.0,148007.99402882,8971.41277638
BTC_JPY,2020-05-22T00:06:02.717,1372965,973614.0,974000.0,0.4571,1.90622329,1628.65064628,2002.84338773,974000.0,147921.90742851,8974.41564677
BTC_JPY,2020-05-22T00:06:08.717,1373110,973754.0,974364.0,0.05,0.086999,1631.59782047,1999.24280349,974364.0,147932.17507959,8976.34187206
BTC_JPY,2020-05-22T00:06:13.82,1373216,973761.0,974364.0,0.25,0.066999,1631.95747132,1995.96006343,974364.0,147939.94209962,8976.36187206
BTC_JPY,2020-05-22T00:06:18.617,1373312,973768.0,974363.0,0.1,0.4447,1631.08440878,1996.14154108,974363.0,147947.14740854,8976.38187206
BTC_JPY,2020-05-22T00:06:23.903,1373423,973789.0,973999.0,0.03,0.001,1629.62850305,2001.71074108,974361.0,147953.725529,8976.38287206
BTC_JPY,2020-05-22T00:06:28.477,1373498,973793.0,974320.0,0.1,0.4707,1630.44634315,1996.16130367,973999.0,147957.761529,8976.38387206
BTC_JPY,2020-05-22T00:06:33.667,1373586,973789.0,974320.0,0.03,0.1955,1631.59684302,2001.56311854,973999.0,147984.177053,8976.38387206
BTC_JPY,2020-05-22T00:06:38.963,1373739,973803.0,974363.0,0.4692,0.17694200000000002,1632.48939002,2002.15250754,974363.0,147997.24484813,8976.41933006
BTC_JPY,2020-05-22T00:06:43.387,1373780,973805.0,974364.0,0.05,0.513941,1632.50019002,2002.42500755,974364.0,148001.38785612,8976.61933006
BTC_JPY,2020-05-22T00:06:48.263,1373816,973808.0,974363.0,0.05,0.465,1630.21819002,2005.48400741,974363.0,148004.66634193,8976.71933006
BTC_JPY,2020-05-22T00:06:53.933,1373893,973813.0,974000.0,0.05,0.170597,1631.54728357,2005.9285553,974000.0,148006.00984543,8976.75033306
BTC_JPY,2020-05-22T00:06:58.73,1373950,973806.0,974000.0,0.05,0.06928687,1632.60298344,2005.82724517,974000.0,148006.12115556,8976.85164319
BTC_JPY,2020-05-22T00:07:03.797,1373994,974000.0,974363.0,4.30071413,0.4665,1637.21122018,2007.10895829,974000.0,147943.91188522,8972.41615006
BTC_JPY,2020-05-22T00:07:07.75,1374012,974000.0,974364.0,4.30071413,0.163941,1637.29876011,2006.77597132,974000.0,147946.36188522,8972.41615006
BTC_JPY,2020-05-22T00:07:12.887,1374060,974000.0,974364.0,4.30071413,0.513941,1636.29576011,2004.17727132,974000.0,147947.50188522,8972.41615006
BTC_JPY,2020-05-22T00:07:18.177,1374098,974000.0,974364.0,3.60071413,0.513941,1635.54575711,2003.50451125,974000.0,147951.98688522,8973.11615006
BTC_JPY,2020-05-22T00:10:03.48,1377789,971847.0,972495.0,0.03,0.5058,1636.36830931,2001.56495157,971784.0,148168.08350823,8992.76315391
BTC_JPY,2020-05-22T00:10:08.617,1377884,971847.0,972497.0,0.03,0.18,1638.2206315,2001.63695157,971784.0,148129.99497296,8992.76315391
BTC_JPY,2020-05-22T00:10:13.797,1378014,971811.0,972615.0,0.1261,0.08,1638.23548786,1999.4707066,972616.0,148136.83977602,8995.21017691
BTC_JPY,2020-05-22T00:10:18.117,1378114,971870.0,972614.0,0.05,0.2346,1630.7168449,2000.68708507,972616.0,148138.96136595,8995.21017691
BTC_JPY,2020-05-22T00:10:23.327,1378186,971800.0,972614.0,0.01,0.5095,1636.06510965,1997.7912066,972614.0,148149.60584609,8995.22017691
BTC_JPY,2020-05-22T00:10:28.603,1378212,971988.0,972614.0,0.51,0.4985,1637.32684525,1998.84220673,972614.0,148165.903555,8995.24017691
BTC_JPY,2020-05-22T00:10:33.843,1378311,971989.0,972200.0,0.093,0.99980002,1633.8817061,1993.6606501,971989.0,148169.94692791,8995.24717691
BTC_JPY,2020-05-22T00:10:38.09,1378362,971989.0,972198.0,0.093,0.2,1636.53142526,1992.9306501,971989.0,148174.10292791,8995.24717691
BTC_JPY,2020-05-22T00:10:43.187,1378483,971400.0,972175.0,0.01,0.6159,1632.95648925,1998.77747049,971785.0,148183.56597045,8995.88017991
BTC_JPY,2020-05-22T00:10:48.397,1378658,971322.0,971504.0,0.001,0.32,1632.42124358,1999.46808533,971400.0,148194.30118158,8995.89017991
BTC_JPY,2020-05-22T00:10:53.733,1378783,971300.0,971501.0,0.01,0.05,1636.72046853,1991.91413421,971502.0,148215.11611224,8996.94117991
BTC_JPY,2020-05-22T00:10:58.71,1378904,971100.0,971470.0,0.01,0.509,1634.29502331,1997.72913421,971300.0,148219.47850467,8996.95117991
BTC_JPY,2020-05-22T00:11:03.29,1378997,971100.0,971283.0,0.01,0.32,1631.23485502,1997.75046914,971282.0,148199.27219416,8995.66985946
BTC_JPY,2020-05-22T00:11:09.077,1379116,971329.0,971467.0,0.32,2.52049,1634.31418711,1994.82848505,971470.0,148220.32988774,8996.61585946
BTC_JPY,2020-05-22T00:11:14.073,1379255,971350.0,971807.0,0.03,0.6163,1635.06598722,1992.38809305,971008.0,148242.456803,9000.65635146
BTC_JPY,2020-05-22T00:11:18.747,1379362,971400.0,971809.0,0.1,0.6163,1635.60007265,1994.09160464,971008.0,148250.00523125,9000.65635146
BTC_JPY,2020-05-22T00:11:23.973,1379497,971005.0,971373.0,0.1,0.20129133,1634.58800485,1992.93519597,971373.0,148260.03319662,9001.84206013
BTC_JPY,2020-05-22T00:11:28.49,1379641,971020.0,971797.0,1.0,0.306,1634.7359595,1987.8420419,971798.0,148264.0142981,9001.85206113
BTC_JPY,2020-05-22T00:11:32.917,1379737,971074.0,971499.0,1.0,0.1,1636.90373607,1992.44377248,971500.0,148273.0708067,9003.16656973
BTC_JPY,2020-05-22T00:11:38.777,1379820,971008.0,971197.0,0.01,0.5181,1633.8005595,1998.42492397,971500.0,148278.76572191,9003.16656973
BTC_JPY,2020-05-22T00:11:43.877,1379886,971000.0,971075.0,0.02,0.5,1633.16227404,1993.86811031,971000.0,148290.30597053,9003.66656973
BTC_JPY,2020-05-22T00:11:48.423,1379941,970955.0,971000.0,0.44999999,0.0249995,1630.26215325,1996.0678954,971000.0,148312.43623715,9003.69157023
BTC_JPY,2020-05-22T00:11:52.93,1379992,970955.0,971000.0,0.55299999,0.4439995,1630.54715338,1995.10490997,971000.0,148329.50251165,9003.77157023
BTC_JPY,2020-05-22T00:11:58.703,1380054,970850.0,971000.0,0.01,0.6420994999999999,1630.9656678,1994.21500995,970955.0,148333.84299287,9004.32457022
BTC_JPY,2020-05-22T00:12:03.203,1380112,970850.0,971000.0,0.01,0.3420995,1630.9116678,1993.39449554,971000.0,148329.17529455,9004.13022634
BTC_JPY,2020-05-22T00:12:08.48,1380234,970200.0,970495.0,0.01,0.1,1628.74639033,1995.20105286,970216.0,148354.48142078,9005.63372633
BTC_JPY,2020-05-22T00:12:13.717,1380382,970580.0,970850.0,0.5166,0.1,1633.15332277,1987.83214957,970751.0,148371.2634764,9006.55272632
BTC_JPY,2020-05-22T00:12:18.99,1380520,970579.0,970850.0,0.1,0.5,1632.94594674,1986.13426722,970850.0,148394.53552521,9006.65272632
BTC_JPY,2020-05-22T00:15:03.677,1384603,970451.0,970946.0,0.05,0.32,1632.76667754,1987.05423203,971144.0,148862.72389008,9058.72238138
BTC_JPY,2020-05-22T00:15:08.6,1384693,970471.0,971113.0,0.15,0.4812,1634.45797338,1986.9438013000001,971144.0,148881.19720119,9058.72238138
BTC_JPY,2020-05-22T00:15:13.26,1384799,970489.0,971112.0,0.483,0.2794,1637.88777325,1989.93699092,971112.0,148889.39020386,9058.87238138
BTC_JPY,2020-05-22T00:15:18.653,1384916,970452.0,970984.0,1.008,0.2918,1636.01347892,1981.91589247,971000.0,148902.67527972,9059.04238138
BTC_JPY,2020-05-22T00:15:23.453,1385039,970452.0,970927.0,1.008,0.2,1637.95490109,1988.96060143,970984.0,148911.04472972,9059.10238138
BTC_JPY,2020-05-22T00:15:28.283,1385168,970462.0,970942.0,0.05,0.2,1639.25198378,1984.79812864,970926.0,148921.15465536,9059.11238138
BTC_JPY,2020-05-22T00:15:33.537,1385261,970469.0,971088.0,0.05,0.4816,1639.11946291,1986.17518043,970926.0,148928.15756873,9059.11238138
BTC_JPY,2020-05-22T00:15:38.71,1385375,970478.0,971086.0,0.05,0.530896,1636.96058791,1984.83447643,970926.0,148933.23133713,9059.11238138
BTC_JPY,2020-05-22T00:15:43.763,1385532,970378.0,970905.0,0.03,0.32,1638.37626691,1981.93650144,970889.0,148945.50670491,9059.18368138
BTC_JPY,2020-05-22T00:15:48.203,1385632,970520.0,971087.0,0.1,0.3326,1638.21586931,1964.82368682,970889.0,148948.39330958,9059.18368138
BTC_JPY,2020-05-22T00:15:53.087,1385726,970512.0,970926.0,0.1,0.0039,1638.55202611,1963.98168682,970926.0,148952.29705958,9059.18468138
BTC_JPY,2020-05-22T00:15:58.757,1385837,970339.0,970915.0,0.14130399999999999,0.2,1633.32344458,1962.60078683,970260.0,148957.68846603,9060.42468138
BTC_JPY,2020-05-22T00:16:03.48,1385937,970350.0,970915.0,0.05,0.2,1636.91513489,1962.90979573,970260.0,148903.86314268,9059.770551399999
BTC_JPY,2020-05-22T00:16:08.93,1386131,971156.0,971768.0,0.1189,0.2,1636.23815825,1952.84267525,970797.0,148927.01574461,9061.34695139
BTC_JPY,2020-05-22T00:16:13.407,1386263,971170.0,971766.0,1.0,0.2,1638.0855846,1962.91497524,971156.0,148944.15017749,9061.34795139
BTC_JPY,2020-05-22T00:16:18.567,1386430,971193.0,971719.0,0.05,0.1,1647.96952382,1958.70141446,971766.0,148953.06115470006,9061.64795139
BTC_JPY,2020-05-22T00:16:23.157,1386531,971399.0,971719.0,0.5223,0.1,1647.5522184000001,1961.93837525,971246.0,148965.25142526,9061.69794139
BTC_JPY,2020-05-22T00:16:28.79,1386691,970931.0,971694.0,0.4975,0.058692999999999995,1640.19004235,1962.87466725,971704.0,149005.08379949,9066.28964789
BTC_JPY,2020-05-22T00:16:33.927,1386834,971207.0,971720.0,0.6517,0.82,1642.59923063,1960.36082131,971719.0,149020.52103147,9066.37825475
BTC_JPY,2020-05-22T00:16:37.997,1386935,971277.0,971698.0,0.1,0.294,1641.01648459,1963.85709491,971700.0,149047.87144785,9069.74898102
BTC_JPY,2020-05-22T00:16:43.907,1387066,971316.0,971700.0,0.03,0.10006001,1641.94633016,1960.23588098,971700.0,149062.53018603,9072.68092201
BTC_JPY,2020-05-22T00:16:48.42,1387139,971765.0,971766.0,0.01,2.2149925,1640.77603017,1966.79296775,971766.0,149074.75531424,9073.66598952
BTC_JPY,2020-05-22T00:16:53.713,1387242,971362.0,971763.0,1.0,0.297,1640.32117823,1964.49429555,971765.0,149096.94983572,9073.83799852
BTC_JPY,2020-05-22T00:16:58.96,1387329,971325.0,971765.0,0.08,0.5093,1641.67241219,1963.26409671,971765.0,149108.80129821,9073.83799852
BTC_JPY,2020-05-22T00:17:02.85,1387385,971392.0,971766.0,1.0,2.1639875,1641.35911219,1962.61879672,971765.0,149080.72767913,9074.30311603
BTC_JPY,2020-05-22T00:17:08.6,1387415,971392.0,971766.0,1.0,1.9639875,1644.91551219,1963.18879672,971766.0,149085.43921520002,9074.50311603
BTC_JPY,2020-05-22T00:17:13.207,1387458,971765.0,971766.0,0.01,0.84295723,1643.80111202,1963.06776628,971766.0,149093.01223232,9075.9068463
BTC_JPY,2020-05-22T00:17:19.057,1387524,971435.0,971890.0,1.0,0.299998,1644.23707796,1962.61880704,971889.0,149099.08666359,9076.80973558
BTC_JPY,2020-05-22T00:20:03.703,1390566,972813.0,973150.0,0.5259,0.80418032,1650.46879368,1926.22320577,973150.0,149099.54552599,9074.26365194
BTC_JPY,2020-05-22T00:20:08.827,1390666,972921.0,973150.0,1.0,1.21839053,1653.11748879,1955.09016085,973150.0,149108.93957277,9074.84884179
BTC_JPY,2020-05-22T00:20:13.833,1390741,972972.0,973150.0,1.0,0.67338853,1653.61076688,1958.56225885,973150.0,149124.54146379998,9075.39384379
BTC_JPY,2020-05-22T00:20:18.373,1390832,973144.0,973500.0,0.5256,0.489999,1651.76485718,1948.1403113,973500.0,149132.50427112,9076.17723332
BTC_JPY,2020-05-22T00:20:23.423,1390958,973605.0,973994.0,0.5216,0.32,1652.12853248,1957.0836123,973500.0,149147.30565105,9076.66723232
BTC_JPY,2020-05-22T00:20:28.247,1391057,973715.0,973999.0,0.1,0.05,1652.76233832,1949.48798258,973999.0,149158.60830785,9076.67723332
BTC_JPY,2020-05-22T00:20:33.927,1391152,973751.0,974000.0,1.0,0.002329,1649.21952271,1957.0012257,974000.0,149177.17780173,9076.69490435
BTC_JPY,2020-05-22T00:20:38.757,1391260,973162.0,973742.0,0.11,0.018000000000000002,1642.40178151,1955.06656926,973745.0,149196.70586343,9077.81490635
BTC_JPY,2020-05-22T00:20:43.46,1391346,973184.0,973999.0,0.44999999,0.28,1643.80026512,1957.49974127,973743.0,149202.39586343,9077.99490635
BTC_JPY,2020-05-22T00:20:48.967,1391510,973372.0,973999.0,0.11,0.05,1644.38769595,1957.00826973,973743.0,149213.75965758,9077.99490635
BTC_JPY,2020-05-22T00:20:53.313,1391614,973456.0,973999.0,0.11,0.25,1645.06522235,1955.96126973,973999.0,149226.32848297,9078.01490635
BTC_JPY,2020-05-22T00:20:58.01,1391724,973567.0,974000.0,1.0,0.002329,1643.74190678,1961.1992257,973999.0,149228.51848297,9078.01490635
BTC_JPY,2020-05-22T00:21:03.923,1391830,973703.0,974000.0,1.0,0.39562088,1644.14870678,1963.46051758,973999.0,149188.27948488,9076.13990635
BTC_JPY,2020-05-22T00:21:09.03,1391918,974000.0,974150.0,0.01,1.44999999,1644.04053022,1952.66755157,974000.0,149192.23438868,9076.53552723
BTC_JPY,2020-05-22T00:21:13.04,1392036,974148.0,974150.0,0.02,1.44999999,1645.88558093,1955.7750357,974000.0,149216.23892263,9077.54552723
BTC_JPY,2020-05-22T00:21:18.593,1392147,974147.0,974150.0,2.73986747,0.98,1646.68614827,1964.55521057,974147.0,149226.27824526,9079.84565976
BTC_JPY,2020-05-22T00:21:24.04,1392215,974147.0,974254.0,2.73986747,0.1,1646.74914844,1954.12951001,974150.0,149229.89808451,9080.82565976
BTC_JPY,2020-05-22T00:21:27.427,1392256,974147.0,974254.0,2.73986747,0.1,1646.59560743,1958.39901054,974147.0,149236.27101451,9081.82565976
BTC_JPY,2020-05-22T00:21:33.293,1392339,974205.0,974364.0,1.0,0.043941,1647.64377833,1964.50399214,974254.0,149248.60722977,9081.92565976
BTC_JPY,2020-05-22T00:21:38.497,1392396,974201.0,974314.0,0.03,0.32,1647.82182615,1965.94039214,974254.0,149262.50383231,9081.92565976
BTC_JPY,2020-05-22T00:21:43.783,1392446,974200.0,974362.0,0.25015597,0.5542,1646.65194931,1967.53306539,974200.0,149274.39617398,9082.70550379
BTC_JPY,2020-05-22T00:21:48.24,1392538,973638.0,974132.0,0.09448827,0.05,1643.11255168,1958.02499996,973999.0,149287.0515265,9086.31802723
BTC_JPY,2020-05-22T00:21:54.047,1392661,973500.0,973948.0,0.035,0.1,1642.88546672,1961.19721551,973999.0,149289.39755297,9087.54702723
BTC_JPY,2020-05-22T00:21:58.35,1392728,973500.0,973945.0,0.035,0.2769,1643.72447069,1963.76854266,973947.0,149292.82985895,9087.84102723
BTC_JPY,2020-05-22T00:22:03.857,1392801,973500.0,973935.0,0.035,0.2799,1643.13196406,1961.63154266,973947.0,149240.66453678,9085.32074614
BTC_JPY,2020-05-22T00:22:08.943,1392886,973500.0,973955.0,0.035,0.4452,1641.50467579,1967.09784266,973947.0,149241.4965965,9085.32074614
BTC_JPY,2020-05-22T00:22:13.853,1393002,973500.0,973945.0,0.035,0.4466,1639.48718242,1966.59924266,973947.0,149242.96759649998,9085.32074614
BTC_JPY,2020-05-22T00:22:18.57,1393119,973500.0,973954.0,0.035,0.639,1642.41588155,1965.97164489,973958.0,149247.92863675,9085.42074614
BTC_JPY,2020-05-22T00:25:03.23,1396928,974210.0,974635.0,0.1,0.44999999,1652.79053526,1954.52005602,974145.0,149299.98461765,9086.89660033
BTC_JPY,2020-05-22T00:25:08.547,1397002,974440.0,974750.0,0.01,0.01,1652.25437592,1958.40571524,974145.0,149318.50575908,9086.89660033
BTC_JPY,2020-05-22T00:25:13.093,1397103,974440.0,974749.0,0.01,0.2,1650.92957593,1954.81111537,974145.0,149322.6747134,9086.89660033
BTC_JPY,2020-05-22T00:25:18.683,1397254,974440.0,974741.0,0.01,0.05,1650.83249024,1963.17306344,974145.0,149327.76155572,9086.89660033
BTC_JPY,2020-05-22T00:25:23.42,1397412,974506.0,975249.0,0.31,0.0355,1651.75654799,1958.28055604,974950.0,149346.87137846,9086.91660033
BTC_JPY,2020-05-22T00:25:28.347,1397571,974509.0,975244.0,0.1,0.15,1651.06654719,1955.991025,974950.0,149358.43318681,9086.91660033
BTC_JPY,2020-05-22T00:25:33.693,1397717,974478.0,975233.0,0.5081,0.15,1650.87028571,1963.61202513,974524.0,149361.53675718,9087.09260033
BTC_JPY,2020-05-22T00:25:38.193,1397836,974480.0,975203.0,0.5187,0.63261173,1651.0228857000006,1963.10326777,974524.0,149364.33915647,9087.09260033
BTC_JPY,2020-05-22T00:25:43.637,1397996,974621.0,975217.0,0.6431,0.32,1651.97785886,1963.4960982999999,974567.0,149370.72820712,9087.09360033
BTC_JPY,2020-05-22T00:25:48.12,1398112,974536.0,974644.0,1.0,0.13,1652.73825149,1958.58449091,974645.0,149382.31630901,9087.19360033
BTC_JPY,2020-05-22T00:25:53.71,1398189,974524.0,974644.0,0.04,0.13,1652.79923809,1959.22565604,974645.0,149385.60229028,9087.19360033
BTC_JPY,2020-05-22T00:25:59.237,1398252,974524.0,974898.0,0.04,0.08951173,1649.85181662,1960.03358924,974645.0,149386.66020438,9087.19360033
BTC_JPY,2020-05-22T00:26:03.133,1398316,974524.0,974895.0,0.00010399,0.1,1653.30529136,1963.85407751,974524.0,149362.83685504,9086.80850333
BTC_JPY,2020-05-22T00:26:08.697,1398434,974524.0,974883.0,0.00010399,0.25,1654.60106989,1965.86407751,974524.0,149367.90793233,9086.80850333
BTC_JPY,2020-05-22T00:26:13.207,1398574,974174.0,974700.0,1.0,0.638,1648.59228781,1972.53461285,974440.0,149375.95756139,9087.70510732
BTC_JPY,2020-05-22T00:26:18.28,1398709,974134.0,974700.0,0.47249999,0.1,1653.45555383,1960.9132559,974482.0,149400.93375878,9087.75510732
BTC_JPY,2020-05-22T00:26:23.6,1398835,974000.0,974689.0,0.01009,0.5326,1653.08535397,1966.20060549,974134.0,149410.09451507,9087.86769606
BTC_JPY,2020-05-22T00:26:28.88,1398962,974000.0,974440.0,0.01009,0.1,1647.64287787,1969.83256531,974134.0,149414.24854401,9088.36769606
BTC_JPY,2020-05-22T00:26:33.783,1399103,973500.0,973825.0,0.0085,0.002,1648.6358017,1962.91758836,973604.0,149425.58303587,9088.83778505
BTC_JPY,2020-05-22T00:26:38.887,1399250,973060.0,973583.0,1.0,0.6309,1648.15420203,1965.53967439,973254.0,149445.95045531,9088.94628505
BTC_JPY,2020-05-22T00:26:43.523,1399377,973060.0,973287.0,0.95,0.32,1648.26974573,1959.6581744000002,973576.0,149455.4859041,9089.52136731
BTC_JPY,2020-05-22T00:26:48.087,1399515,973000.0,973042.0,0.00010099,0.32,1624.19093217,1960.96786132,973000.0,149463.53651396,9090.48326632
BTC_JPY,2020-05-22T00:26:53.767,1399693,972254.0,972301.0,0.1,0.2,1647.7806422,1962.76766051,972255.0,149481.04167439998,9091.49336731
BTC_JPY,2020-05-22T00:26:58.043,1399791,972254.0,972814.0,0.1,0.05,1646.80055948,1973.26388106,972301.0,149489.1745915,9091.69336731
BTC_JPY,2020-05-22T00:27:03.237,1399940,972255.0,972802.0,0.4478,0.1,1650.45000947,1962.7095559999998,972813.0,149392.62889624,9088.83985808
BTC_JPY,2020-05-22T00:27:05.473,1400002,972279.0,972977.0,0.4509,0.2,1651.43562116,1965.279556,972813.0,149396.96769624,9088.83985808
BTC_JPY,2020-05-22T00:27:13.58,1400167,972517.0,973060.0,0.26,0.11,1653.2181128,1957.23338002,972813.0,149402.75864897,9088.83985808
BTC_JPY,2020-05-22T00:27:18.697,1400348,973424.0,974164.0,0.1,0.2,1652.24589002,1953.77936832,973423.0,149417.0529624,9091.00567151
BTC_JPY,2020-05-22T00:30:03.45,1403775,973883.0,974557.0,0.1,0.479,1654.78325379,1966.6700726,974608.0,149445.96764519,9091.99951418
BTC_JPY,2020-05-22T00:30:08.577,1403915,973800.0,974508.0,0.001126,0.297,1655.13232597,1970.9614726,974608.0,149450.04186927,9091.99951418
BTC_JPY,2020-05-22T00:30:13.773,1404075,973690.0,974362.0,0.1,0.4742,1652.72794998,1968.82647259,974361.0,149465.79059257,9092.15064018
BTC_JPY,2020-05-22T00:30:18.923,1404180,973690.0,974311.0,0.1,0.4761,1655.2386662,1964.38984475,974361.0,149470.24889641,9092.15064018
BTC_JPY,2020-05-22T00:30:23.223,1404269,973690.0,974238.0,0.1,0.2,1657.50599403,1967.37394286,974251.0,149473.81263281,9092.35064018
BTC_JPY,2020-05-22T00:30:28.147,1404375,973741.0,974373.0,0.5165,0.03,1659.52625698,1961.29876165,974251.0,149483.88405479994,9092.35064018
BTC_JPY,2020-05-22T00:30:33.557,1404510,973929.0,974640.0,0.3446,0.05,1658.69735698,1962.06334476,974251.0,149491.15975108,9092.35064018
BTC_JPY,2020-05-22T00:30:38.713,1404652,973781.0,974630.0,0.3423,0.21,1657.28353997,1962.63266178,974251.0,149491.77715108,9092.35064018
BTC_JPY,2020-05-22T00:30:44.13,1404804,973693.0,974505.0,0.3418,0.2,1658.99423503,1967.53096177,974251.0,149494.16917965,9092.35064018
BTC_JPY,2020-05-22T00:30:48.707,1404914,973710.0,974496.0,0.32,0.2,1659.54043503,1971.02196177,974251.0,149496.15118024,9092.35064018
BTC_JPY,2020-05-22T00:30:53.163,1405002,973710.0,974489.0,0.32,0.4698,1659.34291801,1971.60206176,974251.0,149496.68618024,9092.35064018
BTC_JPY,2020-05-22T00:30:58.02,1405115,973714.0,974482.0,0.4698,0.3643,1659.86071592,1970.61354475,974251.0,149497.77118024,9092.35064018
BTC_JPY,2020-05-22T00:31:03.577,1405224,973690.0,974468.0,0.1,0.06,1658.39273294,1963.31016176,974251.0,149420.7894793,9090.46505019
BTC_JPY,2020-05-22T00:31:08.34,1405340,973432.0,973671.0,0.47249999,0.4584,1654.14556093,1966.51698151,973555.0,149437.74089159,9091.56505019
BTC_JPY,2020-05-22T00:31:13.293,1405425,973433.0,973862.0,0.06350365,0.2,1654.66162073,1973.67728151,973433.0,149447.37770458,9091.65514118
BTC_JPY,2020-05-22T00:31:18.473,1405500,973470.0,974167.0,0.44999999,0.15,1659.99270072,1965.86144475,973433.0,149456.53534159,9091.65514118
BTC_JPY,2020-05-22T00:31:23.797,1405629,973837.0,974433.0,0.4572,0.00463043,1660.9097006,1959.45677518,974433.0,149466.22817217,9091.92941075
BTC_JPY,2020-05-22T00:31:28.953,1405733,974433.0,974633.0,7.957e-05,0.47249999,1660.03165853,1962.01483048,974433.0,149495.14713558,9092.62063118
BTC_JPY,2020-05-22T00:31:33.087,1405783,974433.0,974632.0,7.957e-05,0.0812,1659.59775853,1965.10703048,974632.0,149498.36381789998,9092.63943118
BTC_JPY,2020-05-22T00:31:38.03,1405853,974112.0,974631.0,0.444,0.3364,1658.31539322,1963.47163048,974112.0,149503.17055877,9092.64043118
BTC_JPY,2020-05-22T00:31:44.003,1405995,973974.0,974625.0,0.32,0.4936,1654.85294031,1968.73309616,974112.0,149511.87114355,9092.64043118
BTC_JPY,2020-05-22T00:31:48.67,1406110,973843.0,974614.0,0.44999999,0.4939,1658.88215649,1966.19069615,974112.0,149516.62304355,9092.64043118
BTC_JPY,2020-05-22T00:31:53.973,1406237,973844.0,974604.0,0.08230365,0.4436,1658.39604953,1970.32294475,974112.0,149517.93332917,9092.64043118
BTC_JPY,2020-05-22T00:31:58.493,1406310,973970.0,974602.0,0.08230365,0.4436,1658.66210861,1967.16388567,974112.0,149521.22475277,9092.64043118
BTC_JPY,2020-05-22T00:32:03.387,1406432,974133.0,974752.0,0.32,0.4444,1658.67631489,1963.00774475,974112.0,149462.91422869,9090.44840419
BTC_JPY,2020-05-22T00:32:08.123,1406550,974134.0,974853.0,0.08230365,0.4431,1640.58722701,1958.76934476,974856.0,149468.43465467,9090.45443637
BTC_JPY,2020-05-22T00:32:13.253,1406678,974226.0,974844.0,0.08230365,0.4447,1644.29804487,1960.79455782,974632.0,149474.74230024,9090.50583637
BTC_JPY,2020-05-22T00:32:18.24,1406810,974009.0,974833.0,0.4402,0.05,1643.25994559,1962.07735782,974632.0,149479.29753678,9090.50583637
BTC_JPY,2020-05-22T00:35:03.773,1412027,969148.0,969962.0,0.306,0.474,1634.55820885,1967.8047842,969828.0,149914.17469567,9116.72561024
BTC_JPY,2020-05-22T00:35:08.937,1412128,969070.0,969815.0,0.1,0.64601262,1633.77444062,1974.29971582,969070.0,149919.41892489,9116.72661024
BTC_JPY,2020-05-22T00:35:13.58,1412272,968262.0,969049.0,0.32,0.4699,1629.43119584,1970.98050319,969050.0,149940.78685119,9118.02661024
BTC_JPY,2020-05-22T00:35:18.647,1412436,968746.0,969051.0,0.1,0.098,1632.72775041,1969.85531916,969051.0,149956.01168702,9118.52861024
BTC_JPY,2020-05-22T00:35:23.917,1412626,968200.0,968930.0,0.01,0.4526,1633.94900694,1973.06288375,968522.0,149980.24427987,9121.31761024
BTC_JPY,2020-05-22T00:35:28.593,1412758,968315.0,969260.0,0.32,0.32,1636.53671789,1968.52578377,968904.0,150002.57088769,9121.60453623
BTC_JPY,2020-05-22T00:35:33.143,1412920,969268.0,969797.0,0.1,0.15,1637.73341021,1972.26128743,969264.0,150023.28343105,9122.58882623
BTC_JPY,2020-05-22T00:35:38.527,1413079,968858.0,969635.0,0.29100000000000004,0.32,1643.63474532,1968.70675793,969049.0,150040.36964625,9122.96182623
BTC_JPY,2020-05-22T00:35:43.733,1413229,969074.0,969585.0,0.29100000000000004,0.15,1643.0086827,1966.41927533,969264.0,150055.88953613,9122.99182623
BTC_JPY,2020-05-22T00:35:49.05,1413409,968500.0,968901.0,0.01,0.06,1643.06705179,1974.31964137,968522.0,150076.50031403,9124.51272287
BTC_JPY,2020-05-22T00:35:53.737,1413532,968400.0,968859.0,0.01,0.4468,1642.80482977,1971.74726104,968500.0,150085.65291315,9125.05372287
BTC_JPY,2020-05-22T00:35:58.96,1413705,967900.0,968361.0,0.01,0.4427,1631.04505551,1977.20756091,968000.0,150105.95226973,9127.76672299
BTC_JPY,2020-05-22T00:36:03.923,1413902,967500.0,967832.0,0.43486408,0.49,1637.33035479,1980.38671782,967500.0,150064.5445118,9127.19103299
BTC_JPY,2020-05-22T00:36:08.117,1414020,967450.0,968087.0,0.01,0.05,1638.60694306,1974.59803514,967500.0,150091.63345405,9127.64589707
BTC_JPY,2020-05-22T00:36:13.687,1414178,967578.0,968082.0,0.0518,0.141505,1641.79203018,1967.9476388,968082.0,150118.96789744,9127.70439207
BTC_JPY,2020-05-22T00:36:18.967,1414377,967900.0,968082.0,0.01,4.5,1643.73272555,1975.29138304,967312.0,150136.98833473,9127.83358915
BTC_JPY,2020-05-22T00:36:23.97,1414538,967116.0,967312.0,0.193,0.1,1644.17809334,1977.51518308,967300.0,150145.97603652,9127.85358915
BTC_JPY,2020-05-22T00:36:28.433,1414678,967436.0,968308.0,0.05,0.03,1646.40080622,1971.35718809,968082.0,150166.29710506,9132.55358915
BTC_JPY,2020-05-22T00:36:33.57,1414853,967792.0,968705.0,0.297,0.47249999,1647.87219418,1974.86508306,968308.0,150184.87947258,9132.63458915
BTC_JPY,2020-05-22T00:36:39.003,1415057,968878.0,969479.0,0.4478,0.2,1649.03179616,1967.95544665,969097.0,150205.40527977,9134.97050913
BTC_JPY,2020-05-22T00:36:43.733,1415198,968633.0,969306.0,0.1,0.4478,1649.40878713,1971.02914677,969385.0,150220.53951896,9135.04150913
BTC_JPY,2020-05-22T00:36:48.53,1415321,968097.0,969124.0,0.1,0.4417,1645.26810609,1974.66757084,968514.0,150233.63816943,9135.27150913
BTC_JPY,2020-05-22T00:36:53.437,1415488,968603.0,969085.0,0.32,0.05,1648.15588913,1970.29134678,968514.0,150244.84031533,9135.27150913
BTC_JPY,2020-05-22T00:36:58.803,1415665,968466.0,969034.0,0.47249999,0.2427,1647.0702449999999,1972.42352299,969085.0,150258.67759929,9135.27350913
BTC_JPY,2020-05-22T00:37:03.68,1415787,968466.0,968994.0,0.47249999,0.4331,1648.19094488,1972.48892298,969085.0,150227.92793289,9135.04350913
BTC_JPY,2020-05-22T00:37:08.437,1415907,968466.0,968975.0,0.47249999,0.4432,1648.71026879,1968.93219812,969085.0,150230.32688511,9135.04350913
BTC_JPY,2020-05-22T00:37:13.527,1416042,968619.0,969085.0,0.1,0.01,1651.78708706,1963.02281778,968972.0,150244.06244952,9135.19450913
BTC_JPY,2020-05-22T00:37:18.23,1416144,968583.0,969232.0,0.1,0.442,1651.52745646,1964.93302179,969244.0,150253.46247491,9135.22955913
BTC_JPY,2020-05-22T00:40:03.523,1420888,969471.0,969996.0,0.46750049,0.1,1655.59651029,1966.34829146,969471.0,150615.93099211,9159.54808874
BTC_JPY,2020-05-22T00:40:08.507,1421042,969772.0,970530.0,0.4588,1.0,1658.36758108,1955.07369963,970000.0,150635.94635822,9165.27108874
BTC_JPY,2020-05-22T00:40:13.267,1421159,969901.0,970530.0,0.4621,1.0,1658.7041984999994,1958.01809962,970000.0,150648.34110367,9165.41308874
BTC_JPY,2020-05-22T00:40:18.6,1421246,969904.0,970529.0,0.8052,0.1,1660.96275237,1947.33268234,969903.0,150661.53570123,9165.61708874
BTC_JPY,2020-05-22T00:40:23.137,1421346,970468.0,970765.0,0.4593,0.47249999,1660.42324596,1950.65998234,970530.0,150689.33067262,9166.61308874
BTC_JPY,2020-05-22T00:40:28.383,1421425,970489.0,970765.0,0.32,0.47249999,1661.91954582,1956.8942535,970530.0,150698.00214626,9166.61308874
BTC_JPY,2020-05-22T00:40:33.367,1421548,970211.0,970765.0,0.5071,0.47249999,1658.52095725,1953.98698234,970489.0,150708.28935331,9167.23308887
BTC_JPY,2020-05-22T00:40:38.507,1421676,970222.0,970765.0,0.15,0.47249999,1657.65358886,1960.40398234,970489.0,150712.88697199,9167.23308887
BTC_JPY,2020-05-22T00:40:43.257,1421771,970231.0,970765.0,0.4571,0.47249999,1659.630089,1958.57418221,970489.0,150716.60021981,9167.23308887
BTC_JPY,2020-05-22T00:40:48.73,1421860,970414.0,970765.0,0.05,0.42249999,1660.02864115,1959.03888433,970765.0,150719.86814984,9167.28308887
BTC_JPY,2020-05-22T00:40:53.427,1421930,970086.0,970739.0,0.1,0.4576,1659.61844115,1962.15991463,970413.0,150730.18976885,9167.65308887
BTC_JPY,2020-05-22T00:40:58.063,1422005,970091.0,970764.0,0.5565,0.2249,1660.15094115,1961.38921477,970530.0,150739.0396984,9167.66308887
BTC_JPY,2020-05-22T00:41:03.94,1422159,970392.0,970765.0,0.4602,0.37249999,1663.87508187,1951.6901555,970765.0,150720.65328116,9167.01308887
BTC_JPY,2020-05-22T00:41:09.087,1422263,970116.0,970764.0,0.15,0.1865,1661.49601072,1956.86031477,970117.0,150726.78495133,9168.11308887
BTC_JPY,2020-05-22T00:41:13.13,1422353,970765.0,970778.0,0.05,0.05,1660.97327743,1960.60242716,970117.0,150729.05279915,9168.11308887
BTC_JPY,2020-05-22T00:41:19.007,1422483,970094.0,970489.0,0.4583,0.1,1662.37709701,1958.77933167,970091.0,150732.05088863,9168.22298288
BTC_JPY,2020-05-22T00:41:23.55,1422596,970190.0,970489.0,0.1,0.1,1662.2811497000002,1957.5324318,970091.0,150734.56232321,9168.22298288
BTC_JPY,2020-05-22T00:41:28.097,1422628,970190.0,970488.0,0.1,0.4598,1664.17049701,1954.00103167,970489.0,150737.01477509,9168.23018288
BTC_JPY,2020-05-22T00:41:33.373,1422736,969710.0,970110.0,0.01,0.1,1658.45558469,1956.68103268,970085.0,150751.75448512,9169.99546346
BTC_JPY,2020-05-22T00:41:38.703,1422808,969710.0,970110.0,0.01,0.031,1659.01592197,1953.00242834,970110.0,150758.18616973,9170.06446346
BTC_JPY,2020-05-22T00:41:43.883,1422862,969710.0,970110.0,0.01,0.031,1659.32592197,1957.61168421,970110.0,150764.42376303,9170.06446346
BTC_JPY,2020-05-22T00:41:48.82,1422961,970000.0,970110.0,0.1,0.031,1660.01657796,1951.42862836,970110.0,150770.6676261,9170.06446346
BTC_JPY,2020-05-22T00:41:53.39,1423050,969567.0,970085.0,0.01,0.1,1657.82257796,1957.47992834,969710.0,150779.41006317,9170.17446346
BTC_JPY,2020-05-22T00:41:58.397,1423150,969567.0,970110.0,0.01,0.031,1657.79469141,1961.06239778,970000.0,150784.24941229998,9170.23446346
BTC_JPY,2020-05-22T00:42:03.57,1423264,969268.0,969905.0,0.0048,0.2,1658.54194106,1958.73478434,969567.0,150749.57483783,9167.42196335
BTC_JPY,2020-05-22T00:42:08.763,1423382,969268.0,970040.0,0.0048,0.4511,1643.33671625,1958.46922249,969567.0,150753.48147175,9167.42196335
BTC_JPY,2020-05-22T00:42:13.983,1423496,969268.0,970091.0,0.0048,0.4511,1643.8254934,1958.55032262,969567.0,150754.28887948,9167.42196335
BTC_JPY,2020-05-22T00:42:18.577,1423614,969751.0,970110.0,0.3432,0.031,1644.47857463,1948.94432249,969567.0,150756.51154047,9167.42196335
BTC_JPY,2020-05-22T00:45:03.41,1427177,970451.0,970963.0,0.1,0.32,1663.0590432,1955.36804191,970450.0,150828.82927582,9174.38442022
BTC_JPY,2020-05-22T00:45:08.827,1427303,970130.0,970717.0,0.4522,0.1,1661.99260455,1958.36650663,970450.0,150851.82520935,9175.2317439
BTC_JPY,2020-05-22T00:45:13.317,1427426,970224.0,970969.0,0.4525,0.1,1662.25361952,1958.48550662,970450.0,150873.61352008,9175.2317439
BTC_JPY,2020-05-22T00:45:18.583,1427526,970229.0,971066.0,0.05,0.1,1662.79078834,1957.1928904,970450.0,150876.64051813,9176.2237439
BTC_JPY,2020-05-22T00:45:23.623,1427638,970242.0,971066.0,0.28800000000000003,0.08,1664.19248834,1943.9488215999997,971066.0,150885.03851813,9176.243743899999
BTC_JPY,2020-05-22T00:45:28.95,1427771,970458.0,971211.0,0.6127,0.2,1670.20307736,1945.1463215999997,971066.0,150892.50462473,9176.243743899999
BTC_JPY,2020-05-22T00:45:33.28,1427898,970450.0,971180.0,4.5,0.4627,1666.05433063,1951.66254901,971066.0,150902.97672889,9176.243743899999
BTC_JPY,2020-05-22T00:45:38.317,1428021,970451.0,970939.0,0.4584,0.1,1667.68954478,1948.49985575,970450.0,150907.81662392,9176.343743899999
BTC_JPY,2020-05-22T00:45:43.637,1428120,970450.0,971084.0,4.4,0.0983,1667.17094478,1954.70355574,971084.0,150910.48662392,9176.4437439
BTC_JPY,2020-05-22T00:45:48.813,1428178,970450.0,971073.0,4.4,0.08,1667.69010533,1954.5526459000002,971084.0,150918.77981911,9176.4437439
BTC_JPY,2020-05-22T00:45:53.347,1428225,970450.0,970891.0,3.2000040000000003,0.32,1663.85110933,1953.85214591,970450.0,150925.21374396,9177.643739899999
BTC_JPY,2020-05-22T00:45:58.33,1428361,970248.0,970578.0,0.40520447,0.44999999,1661.10840804,1954.34005573,970248.0,150935.36836082,9181.05853942
BTC_JPY,2020-05-22T00:46:03.173,1428514,970000.0,970001.0,10.01673539,0.32,1648.87681778,1953.03813364,970000.0,150934.92503284,9186.7404085
BTC_JPY,2020-05-22T00:46:08.723,1428590,970000.0,970391.0,7.49520966,0.2,1648.24179205,1951.4044215999998,970097.0,150948.30745986,9189.70193423
BTC_JPY,2020-05-22T00:46:13.933,1428683,970000.0,970157.0,3.38340146,0.5558,1644.14253978,1956.47413378,970000.0,150961.20639676,9194.33394243
BTC_JPY,2020-05-22T00:46:18.613,1428781,969567.0,970000.0,0.102002,0.02,1633.03265451,1954.73952159,969567.0,150974.72342599,9201.54734189
BTC_JPY,2020-05-22T00:46:22.77,1428928,969097.0,969556.0,0.1,0.5765,1639.46245982,1948.77789044,969097.0,150995.63445403,9201.769229700001
BTC_JPY,2020-05-22T00:46:28.967,1429073,969000.0,969504.0,0.04595548,0.1,1640.48938444,1957.07800748,969531.0,151009.46793319,9202.97327422
BTC_JPY,2020-05-22T00:46:33.297,1429210,969123.0,969597.0,0.5749,0.1,1642.67030758,1952.4031072999999,969119.0,151034.64045821,9203.309205700001
BTC_JPY,2020-05-22T00:46:38.11,1429347,969003.0,969586.0,0.7765,0.1,1642.20763335,1948.82258679,969119.0,151038.09051157,9203.309205700001
BTC_JPY,2020-05-22T00:46:43.197,1429484,969247.0,969597.0,0.05,0.1,1639.75180806,1948.73790565,969586.0,151061.77371739,9203.409205700002
BTC_JPY,2020-05-22T00:46:48.577,1429617,969125.0,969846.0,0.303,1.0,1640.16327013,1956.45752158,969597.0,151069.54188620002,9203.659205700002
BTC_JPY,2020-05-22T00:46:53.543,1429742,969121.0,969915.0,0.1,0.05,1640.39107959,1956.93646068,969119.0,151074.78191907,9204.34551408
BTC_JPY,2020-05-22T00:46:58.267,1429871,969119.0,969431.0,0.25369162,0.017095,1641.02146175,1968.53371658,969597.0,151078.26355370006,9204.35551408
BTC_JPY,2020-05-22T00:47:03.957,1430023,969153.0,969925.0,0.5631,0.44999999,1644.38239057,1967.08483257,969431.0,151025.88381608,9200.15539901
BTC_JPY,2020-05-22T00:47:08.363,1430151,969226.0,969959.0,0.47249999,0.47249999,1644.16396095,1958.90842146,969925.0,151034.62493548,9201.595399
BTC_JPY,2020-05-22T00:47:13.333,1430271,969990.0,970370.0,0.2,1.2,1643.99626148,1959.92182147,970349.0,151057.36530895,9203.69889899
BTC_JPY,2020-05-22T00:47:17.913,1430367,969966.0,970331.0,1.08,0.5627,1643.30219943,1961.10477314,970349.0,151070.58162151,9203.69889899
BTC_JPY,2020-05-22T00:50:03.763,1434409,972828.0,973441.0,0.03,0.1,1649.43844788,1951.14623321,973096.0,151458.52506038,9250.01095273
BTC_JPY,2020-05-22T00:50:08.623,1434482,972828.0,973094.0,0.03,0.1,1649.14046926,1958.36999509,973440.0,151465.97632292,9250.04165273
BTC_JPY,2020-05-22T00:50:13.803,1434540,972828.0,973094.0,0.03,0.1,1648.78536939,1960.99969509,973440.0,151468.48612596,9250.04165273
BTC_JPY,2020-05-22T00:50:18.133,1434639,972833.0,973096.0,0.05,0.001,1650.21496938,1954.09251251,973440.0,151474.82295382,9250.04165273
BTC_JPY,2020-05-22T00:50:23.13,1434759,972864.0,973489.0,0.15,0.27591902,1649.36536938,1959.59443153,972860.0,151480.74070628,9250.05265273
BTC_JPY,2020-05-22T00:50:28.9,1434889,973096.0,973500.0,0.03,0.51,1650.34296937,1952.05790593,972860.0,151484.49570628,9250.05265273
BTC_JPY,2020-05-22T00:50:32.353,1434947,973132.0,973500.0,1.0,0.51,1650.7446364,1958.18697294,972860.0,151487.68504166,9250.05265273
BTC_JPY,2020-05-22T00:50:38.923,1435062,973173.0,973500.0,0.32,0.51,1644.55288204,1959.51498838,973096.0,151493.99467896,9250.13365273
BTC_JPY,2020-05-22T00:50:43.737,1435170,972926.0,973450.0,0.34,0.1,1643.96999059,1958.67807506,973000.0,151513.47259653,9251.18365273
BTC_JPY,2020-05-22T00:50:48.11,1435268,972928.0,973498.0,0.1,0.2,1643.22435493,1959.51699376,973000.0,151518.03078563,9251.18365273
BTC_JPY,2020-05-22T00:50:53.06,1435364,972942.0,973486.0,0.6366,0.35600000000000004,1643.49945493,1964.66859376,973000.0,151519.61078563,9251.18365273
BTC_JPY,2020-05-22T00:50:58.563,1435498,973030.0,973500.0,0.6366,0.71,1643.38048475,1959.96651378,972983.0,151525.25157741,9251.19365273
BTC_JPY,2020-05-22T00:51:02.893,1435569,973136.0,973500.0,0.05,0.71,1643.13168475,1963.78651378,972983.0,151481.1976842,9250.56365273
BTC_JPY,2020-05-22T00:51:08.57,1435686,973056.0,973500.0,1.1,0.71,1643.21872447,1963.80625336,973440.0,151488.45681383,9250.60568273
BTC_JPY,2020-05-22T00:51:13.683,1435778,973092.0,973451.0,1.0,0.3186,1643.24490892,1963.76253793,973440.0,151492.88347272,9250.60568273
BTC_JPY,2020-05-22T00:51:18.31,1435877,972828.0,973424.0,0.03,0.3116,1642.51373883,1965.99959599,972926.0,151503.59590082,9252.14568273
BTC_JPY,2020-05-22T00:51:23.67,1436012,972596.0,973221.0,0.05,0.1,1641.88274977,1965.91882001,972828.0,151508.85387279,9252.22568273
BTC_JPY,2020-05-22T00:51:28.837,1436138,972798.0,973196.0,0.32,0.1,1643.95274977,1959.23985334,972828.0,151513.85444695,9252.22668273
BTC_JPY,2020-05-22T00:51:33.777,1436290,972828.0,973451.0,0.01,0.6321,1644.92735753,1959.94737249,972828.0,151519.68751229,9252.22668273
BTC_JPY,2020-05-22T00:51:38.167,1436422,972874.0,973487.0,1.0,0.1,1644.07945529,1959.18273816,972841.0,151526.41242007,9252.23668273
BTC_JPY,2020-05-22T00:51:43.5,1436576,972984.0,973476.0,0.6849,0.04,1650.60976088,1958.29672779,973476.0,151533.32686863,9252.34768273
BTC_JPY,2020-05-22T00:51:48.32,1436710,973013.0,973500.0,0.6246,0.71,1651.49946334,1957.93302575,973476.0,151537.88886863,9252.34868273
BTC_JPY,2020-05-22T00:51:53.81,1436850,973353.0,973700.0,0.09,0.01,1652.3442473,1961.60239126,973580.0,151550.42847356,9253.84868273
BTC_JPY,2020-05-22T00:51:58.437,1436986,972963.0,973700.0,0.2,0.01,1651.57438589,1957.49508814,973152.0,151558.80405918,9254.64868273
BTC_JPY,2020-05-22T00:52:03.46,1437110,972986.0,973700.0,0.31,0.01,1651.65732104,1953.48352329,973152.0,151538.53261803,9254.32764675
BTC_JPY,2020-05-22T00:52:08.12,1437216,973002.0,973662.0,0.51,0.1,1651.73209004,1954.23102329,973152.0,151540.65169665,9254.32764675
BTC_JPY,2020-05-22T00:52:13.317,1437334,973176.0,973637.0,1.0,0.6298,1650.64909004,1961.54492331,973152.0,151543.17229784,9254.32764675
BTC_JPY,2020-05-22T00:52:18.833,1437454,972764.0,973595.0,0.15,0.6322,1651.30419036,1958.59506171,973152.0,151551.51910956,9255.33764675
BTC_JPY,2020-05-22T00:55:03.723,1440530,974000.0,974349.0,0.0173,0.3279,1647.1579244000006,1962.47774913,974097.0,151587.33671454,9261.06463972
BTC_JPY,2020-05-22T00:55:08.477,1440708,973203.0,973466.0,0.0018,0.07,1645.19886162,1955.33459093,973266.0,151607.33045956,9261.96893972
BTC_JPY,2020-05-22T00:55:13.96,1440845,972711.0,972884.0,0.00201999,0.1,1644.41064173,1960.02018285,972711.0,151654.58449883,9264.34347899
BTC_JPY,2020-05-22T00:55:19.033,1440934,972594.0,972881.0,0.02,0.5802,1646.81272174,1968.70668272,972711.0,151671.28943943,9264.34549898
BTC_JPY,2020-05-22T00:55:22.593,1440981,972594.0,972879.0,0.02,0.01,1647.60810015,1967.82107468,972711.0,151676.97543593,9264.34549898
BTC_JPY,2020-05-22T00:55:28.47,1441096,972618.0,973025.0,0.1,0.001,1650.67367595,1955.38145854,972790.0,151686.97714336,9264.36549398
BTC_JPY,2020-05-22T00:55:33.063,1441177,972882.0,973025.0,0.1,0.001,1649.86366232,1952.92634503,972790.0,151699.31950741,9264.36549398
BTC_JPY,2020-05-22T00:55:38.037,1441238,972882.0,973025.0,0.1,0.001,1651.37136233,1954.40434503,972790.0,151707.56966335,9264.36549398
BTC_JPY,2020-05-22T00:55:43.077,1441342,972594.0,973024.0,0.02,0.3,1652.56404698,1960.42042379,972879.0,151710.58741652,9264.47549398
BTC_JPY,2020-05-22T00:55:49.05,1441419,972642.0,973025.0,0.1,0.001,1652.81844698,1965.6422505999997,972879.0,151711.60506726,9264.47549398
BTC_JPY,2020-05-22T00:55:53.207,1441526,972678.0,973414.0,0.1,0.002,1653.13294697,1962.2169238,973025.0,151714.82091726,9264.47649398
BTC_JPY,2020-05-22T00:55:57.97,1441660,972837.0,973413.0,0.15,0.3,1652.31317135,1965.36972542,973025.0,151722.43416855,9264.47649398
BTC_JPY,2020-05-22T00:56:03.84,1441807,972892.0,973414.0,0.1,0.002,1652.61171735,1956.03731815,973025.0,151662.58773465,9263.11313689
BTC_JPY,2020-05-22T00:56:09.01,1441919,972844.0,973414.0,0.4515,0.002,1653.86601573,1957.38881815,973025.0,151674.37564293,9263.11313689
BTC_JPY,2020-05-22T00:56:13.87,1442040,972594.0,973011.0,0.02,0.1,1651.94170085,1963.9492453999999,972711.0,151689.50508811,9263.26650689
BTC_JPY,2020-05-22T00:56:18.897,1442119,972594.0,972959.0,0.02,0.5807,1653.90315664,1967.88519957,972711.0,151694.51574438,9263.26650689
BTC_JPY,2020-05-22T00:56:23.23,1442201,972605.0,973024.0,0.1,0.3,1655.44166933,1963.26604378,972943.0,151702.99991006,9263.36650689
BTC_JPY,2020-05-22T00:56:28.513,1442304,972645.0,973237.0,0.5677,0.1061,1656.09883966,1963.79200985,973025.0,151705.36482777,9263.76650689
BTC_JPY,2020-05-22T00:56:33.78,1442398,972594.0,973235.0,0.02,0.1046,1655.69647968,1966.99419409,972711.0,151710.97083285,9263.97650689
BTC_JPY,2020-05-22T00:56:38.127,1442497,972607.0,973222.0,0.1,0.07488902,1655.32527968,1962.43644988,972711.0,151711.87183285,9263.97650689
BTC_JPY,2020-05-22T00:56:43.37,1442634,972658.0,973414.0,0.7096,0.002,1656.58027967,1962.4613697999998,973239.0,151715.2380248,9264.5238959
BTC_JPY,2020-05-22T00:56:48.42,1442748,972662.0,973414.0,0.16776473,0.002,1655.06618862,1963.76976982,973239.0,151715.7880248,9264.5238959
BTC_JPY,2020-05-22T00:56:53.583,1442839,972700.0,973239.0,0.5603,0.1,1655.81421962,1960.63886968,973239.0,151718.18670191,9264.9238959
BTC_JPY,2020-05-22T00:56:58.033,1442935,972711.0,973239.0,0.1,0.09,1654.30471963,1961.70486968,973239.0,151719.53080191,9264.9338959
BTC_JPY,2020-05-22T00:57:03.183,1443015,972747.0,973239.0,0.1,0.09,1653.16721963,1964.95846981,973239.0,151628.92166098,9261.8636359
BTC_JPY,2020-05-22T00:57:08.263,1443108,972711.0,973238.0,0.004157,0.05,1652.03429097,1967.1080697999998,973239.0,151630.73512494,9261.8636359
BTC_JPY,2020-05-22T00:57:13.143,1443176,972724.0,973255.0,0.1,0.05,1652.8661557,1965.42656982,973256.0,151638.87574661,9262.1436359
BTC_JPY,2020-05-22T00:57:18.027,1443315,972786.0,973414.0,0.5576,0.002,1653.64555994,1960.25016688,973256.0,151650.94725438,9262.1436359
BTC_JPY,2020-05-22T01:00:03.88,1446511,972594.0,973294.0,0.02,0.049,1650.91472688,1962.78703407,973299.0,151508.82266555,9260.81334258
BTC_JPY,2020-05-22T01:00:08.767,1446623,972594.0,973270.0,0.02,0.107,1651.25488629,1959.79433043,973293.0,151512.30942567,9260.83334258
BTC_JPY,2020-05-22T01:00:13.533,1446725,972594.0,973268.0,0.02,0.1066,1651.94157671,1959.28647011,973293.0,151515.43613908,9260.83334258
BTC_JPY,2020-05-22T01:00:18.437,1446847,972594.0,973255.0,0.02,0.31,1650.60417671,1962.98341169,973293.0,151518.89654414,9260.83334258
BTC_JPY,2020-05-22T01:00:23.707,1446958,972594.0,973102.0,0.02,0.573,1650.31657671,1963.63321169,973293.0,151520.05962428,9260.83334258
BTC_JPY,2020-05-22T01:00:28.9,1447032,972740.0,973104.0,0.01,0.32,1650.19882129,1962.24236711,973293.0,151522.00109194,9260.83334258
BTC_JPY,2020-05-22T01:00:33.117,1447108,972740.0,973000.0,0.01,0.1,1650.59106656,1962.87205697,973293.0,151525.54358934,9260.83334258
BTC_JPY,2020-05-22T01:00:38.527,1447186,972740.0,973000.0,0.009000000000000001,0.1,1650.69856656,1962.60305697,972740.0,151529.17537694,9260.83434258
BTC_JPY,2020-05-22T01:00:43.99,1447324,972753.0,973300.0,0.5695,0.6289,1652.46606193,1950.78925822,973000.0,151542.25820376,9260.93434258
BTC_JPY,2020-05-22T01:00:48.71,1447479,973111.0,973700.0,0.21,0.05,1652.94139655,1952.25167388,973500.0,151549.96415266,9261.87324258
BTC_JPY,2020-05-22T01:00:53.37,1447609,973140.0,973803.0,0.7134,0.0123,1653.56055754,1952.01706733,973700.0,151557.82171062,9261.92324258
BTC_JPY,2020-05-22T01:00:58.503,1447747,973337.0,974068.0,0.21,0.2,1653.31833967,1960.77470929,973803.0,151559.88989877,9261.93554258
BTC_JPY,2020-05-22T01:01:03.723,1447874,973355.0,974068.0,0.1,0.05,1652.13313979,1958.89257517,973803.0,151538.86379707,9261.45449019
BTC_JPY,2020-05-22T01:01:08.15,1447982,973395.0,974097.0,0.5615,0.1,1654.15148236,1943.90863245,973803.0,151548.19758177,9261.45449019
BTC_JPY,2020-05-22T01:01:13.15,1448119,973413.0,974097.0,0.5619,0.1,1654.61953978,1943.18489044,973803.0,151559.07758177,9261.45449019
BTC_JPY,2020-05-22T01:01:18.687,1448291,973562.0,974193.0,0.7097,0.015,1653.39718224,1940.97743984,974097.0,151564.83304976,9261.55449019
BTC_JPY,2020-05-22T01:01:23.533,1448383,973604.0,974193.0,0.5297,0.015,1654.53228919,1947.58393984,974097.0,151570.46027494,9261.55449019
BTC_JPY,2020-05-22T01:01:28.58,1448507,973632.0,974193.0,0.21,0.015,1653.86958919,1951.04679675,974097.0,151572.28327494,9261.55449019
BTC_JPY,2020-05-22T01:01:34.013,1448700,974596.0,975000.0,0.40971533,1.24798,1656.4885735,1933.15488975,975000.0,151593.72187592,9265.05949118
BTC_JPY,2020-05-22T01:01:38.437,1448864,974530.0,975550.0,0.21,0.01,1658.25970978,1928.80402942,975500.0,151618.26697938,9269.16697118
BTC_JPY,2020-05-22T01:01:43.533,1449057,976930.0,977150.0,0.6021,0.07343573,1663.45697026,1926.59306899,977150.0,151690.31286629,9285.3479355
BTC_JPY,2020-05-22T01:01:48.593,1449319,977777.0,979069.0,0.21,0.303,1657.06090426,1921.40487446,979071.0,151724.55213984,9289.29847457
BTC_JPY,2020-05-22T01:01:53.183,1449498,978604.0,978971.0,0.15703226,0.015,1650.64247462,1927.67132991,978580.0,151763.10373686,9291.28097457
BTC_JPY,2020-05-22T01:01:58.03,1449671,978078.0,978415.0,0.06500700000000001,0.001,1650.47664936,1933.48220761,978799.0,151790.92783419,9291.4456675
BTC_JPY,2020-05-22T01:02:03.13,1449845,978611.0,978971.0,0.1,0.001,1654.22270264,1928.62231277,978600.0,151801.80296772,9291.83612023
BTC_JPY,2020-05-22T01:02:08.51,1450079,978981.0,979549.0,0.16668246,0.44999999,1657.14512487,1929.39245964,979499.0,151828.97180486,9296.62918107
BTC_JPY,2020-05-22T01:02:13.42,1450221,979084.0,979548.0,1.0,0.084993,1659.12644243,1929.68964083,978981.0,151850.96802546,9296.63918007
BTC_JPY,2020-05-22T01:02:19.36,1450399,978982.0,979996.0,0.090001,0.2,1651.36936761,1930.64772461,978982.0,151885.33845625,9298.17117907
BTC_JPY,2020-05-22T01:05:03.167,1454793,980258.0,981083.0,0.4922,0.1,1649.21170732,1934.96846157,980363.0,152144.09077628,9312.05440244
BTC_JPY,2020-05-22T01:05:08.197,1454896,980000.0,980244.0,0.679301,0.483,1644.48789095,1935.71518231,980000.0,152166.26553038,9312.90240144
BTC_JPY,2020-05-22T01:05:13.66,1455033,979794.0,980237.0,0.00999999,0.1,1645.64167975,1940.01731456,979794.0,152182.25554816,9314.56270244
BTC_JPY,2020-05-22T01:05:18.903,1455135,979660.0,980238.0,0.5,0.191,1644.86120143,1939.24626344,980238.0,152199.48804248,9315.37270243
BTC_JPY,2020-05-22T01:05:23.97,1455291,979272.0,979885.0,0.003,0.6874,1645.0595103,1940.3680313000002,979643.0,152214.54295468,9317.07370243
BTC_JPY,2020-05-22T01:05:28.17,1455421,979129.0,979876.0,0.4908,0.19899999999999998,1642.65446339,1930.27248218,979115.0,152235.43376479,9318.09370043
BTC_JPY,2020-05-22T01:05:33.667,1455617,979145.0,979490.0,0.05,0.1,1644.06715324,1940.77138223,979115.0,152245.18030949,9318.09370043
BTC_JPY,2020-05-22T01:05:38.24,1455744,979117.0,979489.0,0.15,0.4881,1643.65345329,1940.05338229,979116.0,152250.54506688,9318.70271745
BTC_JPY,2020-05-22T01:05:43.827,1455876,979120.0,979860.0,0.05,0.29100000000000004,1643.22688488,1941.52690298,979490.0,152256.18739076,9318.80271745
BTC_JPY,2020-05-22T01:05:48.317,1455968,979124.0,979856.0,0.05,0.19899999999999998,1644.30128398,1940.00230332,979123.0,152266.18895292,9318.90771745
BTC_JPY,2020-05-22T01:05:53.793,1456045,979126.0,979856.0,0.05,0.19899999999999998,1644.24668488,1944.63100178,979123.0,152274.72860719,9318.90771745
BTC_JPY,2020-05-22T01:05:57.393,1456090,979117.0,979856.0,0.05,0.099,1644.41998347,1944.82850191,979856.0,152277.41860719,9319.00771745
BTC_JPY,2020-05-22T01:06:03.303,1456140,979183.0,979860.0,0.1,0.29100000000000004,1642.47988347,1943.65180191,979857.0,152254.23991627,9319.14642028
BTC_JPY,2020-05-22T01:06:08.533,1456221,979182.0,979859.0,0.4735,0.01,1643.01338347,1943.03650333,979857.0,152263.64346751,9319.14642028
BTC_JPY,2020-05-22T01:06:13.453,1456315,979193.0,979859.0,0.4735,0.01,1642.79275859,1942.71757693,979857.0,152264.75046751,9319.14642028
BTC_JPY,2020-05-22T01:06:18.95,1456463,979180.0,979499.0,0.009000000000000001,0.4817,1642.53225859,1939.41928214,979857.0,152278.42632252,9319.15642028
BTC_JPY,2020-05-22T01:06:23.48,1456545,979180.0,979500.0,0.009000000000000001,0.1898,1643.59975859,1942.03915442,979500.0,152286.69130150002,9319.16642028
BTC_JPY,2020-05-22T01:06:28.373,1456619,979180.0,979500.0,0.009000000000000001,0.1898,1643.43045859,1944.2277543999999,979500.0,152296.36814932,9319.16642028
BTC_JPY,2020-05-22T01:06:33.88,1456715,979001.0,979469.0,0.05,0.32,1641.80379918,1944.44291514,979000.0,152310.66866401,9320.01642028
BTC_JPY,2020-05-22T01:06:38.543,1456821,979016.0,979500.0,0.6135,0.0998,1642.74147082,1940.42230024,979500.0,152322.54202064,9320.20642028
BTC_JPY,2020-05-22T01:06:44.027,1456952,979000.0,979500.0,0.009000000000000001,0.0998,1642.05958939,1943.27151515,979499.0,152328.03730846,9320.21642028
BTC_JPY,2020-05-22T01:06:48.273,1457030,979015.0,979500.0,0.46299999999999997,0.0998,1642.77912399,1942.45828073,979499.0,152330.41227756,9320.21642028
BTC_JPY,2020-05-22T01:06:53.567,1457119,979017.0,979500.0,0.05,0.0998,1642.76438939,1941.3173152,979499.0,152332.30119884,9320.21642028
BTC_JPY,2020-05-22T01:06:58.117,1457228,979001.0,979499.0,0.05,0.1,1642.083106,1941.39498073,979499.0,152335.44117048,9320.21642028
BTC_JPY,2020-05-22T01:07:03.093,1457352,979001.0,979499.0,0.05,0.17,1641.6622063,1944.16558073,979498.0,152286.487865,9318.68549028
BTC_JPY,2020-05-22T01:07:08.003,1457461,979029.0,979499.0,0.7149,0.17,1641.7410755,1942.2710024,979498.0,152288.91571282,9318.68549028
BTC_JPY,2020-05-22T01:07:13.973,1457583,979001.0,979499.0,0.001,0.16899999999999998,1647.88314292,1942.70200227,979499.0,152289.96671282,9318.68649028
BTC_JPY,2020-05-22T01:07:18.6,1457675,979013.0,979499.0,0.5609,0.16899999999999998,1648.24767769,1940.69520241,979499.0,152293.14671282,9318.68649028
BTC_JPY,2020-05-22T01:10:04.073,1461955,977401.0,978070.0,0.279,0.1,1657.29460754,1943.22460705,977358.0,152541.25748876,9343.08378116
BTC_JPY,2020-05-22T01:10:08.603,1462052,977409.0,978070.0,0.05,0.1,1657.9867079000005,1942.4636053,977358.0,152547.11102941,9343.08378116
BTC_JPY,2020-05-22T01:10:13.153,1462166,977625.0,978573.0,0.44999999,0.31,1657.80808447,1930.63290743,978078.0,152550.08802741,9343.67077916
BTC_JPY,2020-05-22T01:10:19.09,1462372,977987.0,978855.0,0.123,0.31,1657.96479875,1944.30012867,978078.0,152567.15741817,9343.67077916
BTC_JPY,2020-05-22T01:10:23.63,1462509,977997.0,978832.0,0.15,0.31,1657.32995608,1937.79288866,978835.0,152576.60379187,9343.69077916
BTC_JPY,2020-05-22T01:10:28.757,1462696,978574.0,979430.0,0.1,0.62914322,1659.70152461,1936.72215348,979119.0,152602.44330595,9344.56940593
BTC_JPY,2020-05-22T01:10:33.56,1462778,979195.0,979429.0,0.2,0.05,1660.23956967,1941.45570654,979119.0,152607.6969684,9344.56940593
BTC_JPY,2020-05-22T01:10:38.577,1462889,978630.0,979479.0,0.25,0.4616,1658.40353858,1945.45327587,979195.0,152626.85571458,9344.76940593
BTC_JPY,2020-05-22T01:10:43.423,1462998,978510.0,979480.0,0.1,1.0,1657.33653874,1940.96494559,979195.0,152644.19690079,9344.76940593
BTC_JPY,2020-05-22T01:10:47.997,1463130,978776.0,979480.0,0.32,0.9899,1656.69403861,1926.36467645,979428.0,152648.47228473,9345.94510593
BTC_JPY,2020-05-22T01:10:53.137,1463293,979772.0,980000.0,0.1,0.00999905,1667.96784788,1933.872478,980000.0,152692.76068241,9348.26400693
BTC_JPY,2020-05-22T01:10:58.23,1463449,979770.0,980096.0,0.1,0.18872161,1658.95380294,1932.40453457,980388.0,152710.19257006,9348.28400698
BTC_JPY,2020-05-22T01:11:03.377,1463623,980193.0,980741.0,0.1,0.4612,1661.43728642,1938.14053951,980097.0,152724.09812728,9340.29167716
BTC_JPY,2020-05-22T01:11:08.75,1463770,980097.0,980636.0,0.1,0.4593,1660.0394988,1939.2512894,980193.0,152697.21482291,9340.39167716
BTC_JPY,2020-05-22T01:11:13.247,1463896,980105.0,980716.0,0.4427,0.1717,1666.10825961,1942.9850894,980193.0,152713.63032169,9340.39167716
BTC_JPY,2020-05-22T01:11:18.223,1464032,980102.0,981000.0,0.1,1.12,1662.02410839,1939.87357364,980193.0,152732.28525559,9340.39167716
BTC_JPY,2020-05-22T01:11:23.677,1464206,979770.0,980985.0,0.1,0.6698,1659.40830301,1937.40244435,979983.0,152751.12857665,9341.45957716
BTC_JPY,2020-05-22T01:11:28.117,1464342,979771.0,980248.0,0.4363,0.1,1659.50065326,1941.36759517,980254.0,152778.26539424,9341.46957816
BTC_JPY,2020-05-22T01:11:33.3,1464559,979774.0,980467.0,0.05,0.1047,1660.23934114,1939.4414934,980916.0,152792.5644161,9342.07458016
BTC_JPY,2020-05-22T01:11:39.037,1464728,979771.0,980178.0,0.1,0.099,1657.13594101,1940.11592001,979770.0,152810.68578345,9342.43957318
BTC_JPY,2020-05-22T01:11:43.047,1464843,979417.0,979974.0,0.47249999,0.04,1657.93344113,1940.81679251,979978.0,152835.77832637,9342.68857318
BTC_JPY,2020-05-22T01:11:48.163,1464951,979417.0,980019.0,0.47249999,0.22,1659.30179108,1945.45868058,979697.0,152844.93352626,9343.26857318
BTC_JPY,2020-05-22T01:11:53.193,1465142,979141.0,979967.0,0.2751,0.5906,1654.7909029,1940.60348589,979470.0,152856.79502427,9346.02250412
BTC_JPY,2020-05-22T01:11:58.747,1465269,979142.0,979789.0,0.4302,0.1,1657.32698657,1942.84825527,979470.0,152860.02232427,9346.02250412
BTC_JPY,2020-05-22T01:12:03.733,1465374,979181.0,979970.0,0.4254,0.1,1656.28858657,1938.66737868,979790.0,152770.15234121,9314.61642455
BTC_JPY,2020-05-22T01:12:08.97,1465445,979244.0,979970.0,0.1,0.1,1655.68018657,1942.96737881,979790.0,152774.37294621,9314.61642455
BTC_JPY,2020-05-22T01:12:13.08,1465502,979283.0,979970.0,0.1,0.1,1656.23658644,1943.17848997,979790.0,152775.99043403,9314.61642455
BTC_JPY,2020-05-22T01:12:18.203,1465594,979790.0,980070.0,0.3166525,0.01,1656.24909591,1944.36550641,979790.0,152780.8886047,9314.79977205
BTC_JPY,2020-05-22T01:15:03.55,1469323,980717.0,981272.0,0.43,0.1,1698.18006931,1923.20905578,980718.0,152878.27417995,9346.45625233
BTC_JPY,2020-05-22T01:15:08.8,1469447,981153.0,981730.0,0.4227,0.15,1704.75864051,1928.91192359,981281.0,152899.75417895,9346.93525133
BTC_JPY,2020-05-22T01:15:13.023,1469554,981281.0,981705.0,1.0,0.03,1706.08596423,1931.30146264,981281.0,152909.34398545,9346.93525133
BTC_JPY,2020-05-22T01:15:18.99,1469631,981282.0,981658.0,0.2694,0.2,1706.49130658,1929.02427298,981281.0,152913.47983101,9346.93525133
BTC_JPY,2020-05-22T01:15:23.27,1469696,981281.0,981499.0,1.3,0.05,1668.63979441,1924.35976903,981282.0,152922.30905584,9347.2786314
BTC_JPY,2020-05-22T01:15:28.773,1469796,981281.0,981738.0,1.2560044,0.13999,1668.29593801,1925.49342675,981281.0,152938.83741537,9359.60052128
BTC_JPY,2020-05-22T01:15:33.063,1469865,981282.0,981736.0,0.3869,0.2,1670.14797553,1930.00163675,981282.0,152940.07330811,9359.70032128
BTC_JPY,2020-05-22T01:15:38.033,1470005,981728.0,982045.0,0.32,0.05,1672.67735217,1927.24015137,981981.0,152957.21885491,9360.49419032
BTC_JPY,2020-05-22T01:15:43.193,1470084,981985.0,982045.0,0.1,0.05,1680.79089721,1929.02955459,981981.0,152973.24797483,9360.49419032
BTC_JPY,2020-05-22T01:15:48.563,1470175,982173.0,982385.0,0.1,1.0,1681.65705471,1928.03069641,982150.0,152984.300337,9360.76419032
BTC_JPY,2020-05-22T01:15:53.767,1470281,982302.0,982377.0,11.4490351,0.05,1693.73229416,1928.27069641,982302.0,153006.71516068,9362.30504423
BTC_JPY,2020-05-22T01:15:58.647,1470368,982302.0,982499.0,10.887558199999999,0.2,1694.0548173,1929.28229641,982463.0,153016.34295256,9363.40301928
BTC_JPY,2020-05-22T01:16:03.277,1470459,982306.0,982893.0,0.4839,0.31,1693.98504467,1921.7280837,982305.0,152969.16758632,9363.3504916
BTC_JPY,2020-05-22T01:16:08.32,1470577,982892.0,982950.0,0.9490000000000001,0.01,1694.07982839,1923.90476324,982892.0,152978.98661553,9363.40699162
BTC_JPY,2020-05-22T01:16:13.057,1470714,982917.0,983229.0,0.32,0.03,1691.74755797,1898.37402004,983300.0,152995.29932579998,9366.12969687
BTC_JPY,2020-05-22T01:16:18.817,1470782,983300.0,983512.0,0.26899999999999996,0.2,1693.28608522,1912.29260499,983300.0,153017.06208591,9366.26069687
BTC_JPY,2020-05-22T01:16:23.53,1470897,983101.0,983518.0,0.32,0.1,1693.4736697,1915.33673571,982941.0,153020.6120272,9367.27669347
BTC_JPY,2020-05-22T01:16:26.617,1470978,982425.0,983047.0,0.17802087,0.4518,1689.54763496,1917.62198188,982425.0,153028.45923612,9367.896671600001
BTC_JPY,2020-05-22T01:16:33.167,1471106,982941.0,983210.0,0.21102324,0.4535,1687.6875630999998,1931.30098188,982941.0,153039.75818301,9372.24061849
BTC_JPY,2020-05-22T01:16:38.79,1471238,982468.0,982688.0,0.5,0.32,1687.60604385,1935.60483929,982302.0,153056.98229857,9373.97171901
BTC_JPY,2020-05-22T01:16:43.987,1471366,982302.0,982680.0,6.66841484,0.149,1695.09885957,1932.82836361,982680.0,153082.65065117,9377.47271966
BTC_JPY,2020-05-22T01:16:48.117,1471429,982302.0,983071.0,6.26841458,0.28800000000000003,1693.68545931,1932.02136736,982302.0,153103.90714525,9380.12969439
BTC_JPY,2020-05-22T01:16:53.66,1471564,982302.0,982933.0,4.16162526,0.4421,1691.3323699999999,1936.80096736,982302.0,153120.03241749,9382.23648371
BTC_JPY,2020-05-22T01:16:58.24,1471684,982098.0,982653.0,0.4587,0.1,1687.81689071,1935.63806736,982267.0,153130.35669749,9390.23948371
BTC_JPY,2020-05-22T01:17:02.87,1471759,982110.0,982650.0,0.4602,0.03982665,1682.09319676,1935.12268016,982302.0,153098.23237469,9387.07982708
BTC_JPY,2020-05-22T01:17:08.31,1471810,982304.0,982650.0,0.45899999999999996,0.03982665,1682.77299084,1936.45458417,982302.0,153099.60521469,9387.07982708
BTC_JPY,2020-05-22T01:17:13.25,1471928,982380.0,983052.0,0.3,0.05,1684.29523225,1932.70196493,982859.0,153108.91683382,9387.48253379
BTC_JPY,2020-05-22T01:17:18.703,1472093,982330.0,983019.0,0.4499,0.05,1681.8155935,1934.33753006,982859.0,153117.45350381,9387.48253379
BTC_JPY,2020-05-22T01:20:04.02,1475946,981292.0,981968.0,0.3,0.1,1642.13140025,1971.27040338,981894.0,153394.01413288,9423.99251104
BTC_JPY,2020-05-22T01:20:08.157,1476087,981622.0,982259.0,0.6443,0.03,1644.74746577,1964.35596969,982100.0,153362.80752425,9424.78181117
BTC_JPY,2020-05-22T01:20:13.407,1476207,981920.0,982434.0,0.3,1.0,1645.63843104,1969.15250297,982272.0,153378.85689551,9424.83181117
BTC_JPY,2020-05-22T01:20:18.66,1476358,982070.0,982941.0,0.3,0.44999999,1644.15361518,1963.8916419,982435.0,153385.43825575,9426.30431116
BTC_JPY,2020-05-22T01:20:23.37,1476486,981894.0,982802.0,0.1,0.5034,1644.72447438,1971.6306419,982435.0,153404.0757987,9426.30431116
BTC_JPY,2020-05-22T01:20:28.94,1476660,982364.0,982909.0,0.32,0.05,1647.48707438,1964.68037741,982514.0,153430.64690050005,9426.72431116
BTC_JPY,2020-05-22T01:20:33.113,1476760,982436.0,982906.0,0.1,0.5401,1647.91409299,1967.84999139,982514.0,153442.18183204,9426.72431116
BTC_JPY,2020-05-22T01:20:38.883,1476863,982436.0,982761.0,0.1,1.0,1650.66097702,1972.48515287,982906.0,153446.59183204,9426.77431116
BTC_JPY,2020-05-22T01:20:43.417,1476963,982059.0,982820.0,0.4932,0.3937,1645.0459769,1966.44728874,982120.0,153448.30167986,9427.77131116
BTC_JPY,2020-05-22T01:20:48.247,1477071,982070.0,982764.0,0.3,0.1,1645.87414362,1968.57955535,982120.0,153449.82667986,9427.77131116
BTC_JPY,2020-05-22T01:20:53.753,1477220,982100.0,982802.0,0.5507,1.0,1648.12894349,1969.12155522,982120.0,153463.86454274,9427.77131116
BTC_JPY,2020-05-22T01:20:57.927,1477333,982838.0,983034.0,0.029,0.1,1647.45684349,1963.30338252,982300.0,153469.07224536,9428.04231116
BTC_JPY,2020-05-22T01:21:03.307,1477490,982932.0,983580.0,0.4954,0.2,1653.02016058,1960.85200961,983319.0,153449.17748681,9428.73318316
BTC_JPY,2020-05-22T01:21:08.543,1477646,983183.0,983582.0,0.3,1.63171398,1654.97676842,1960.07021002,982906.0,153462.23413203,9428.73418316
BTC_JPY,2020-05-22T01:21:13.843,1477754,983011.0,983578.0,0.3,0.4998,1652.29469396,1970.06505415,983196.0,153466.40260921,9428.74418316
BTC_JPY,2020-05-22T01:21:18.767,1477876,983024.0,983803.0,0.5156,0.03,1655.40838916,1962.8866434,983833.0,153490.32302299,9433.44388999
BTC_JPY,2020-05-22T01:21:23.83,1478022,983197.0,983802.0,0.1,0.05,1655.84683869,1965.79380053,983833.0,153499.81606927,9433.44388999
BTC_JPY,2020-05-22T01:21:28.477,1478145,982890.0,983660.0,0.3,0.6022,1655.28535428,1962.22333912,982804.0,153508.8735907,9435.44488999
BTC_JPY,2020-05-22T01:21:34.007,1478340,982668.0,983168.0,0.35440955,0.6471,1651.69907608,1963.99823789,982668.0,153525.55372006,9436.08618041
BTC_JPY,2020-05-22T01:21:38.73,1478480,982200.0,982571.0,0.5,0.4885,1651.97169387,1967.0501198,982258.0,153535.94001373,9436.51498352
BTC_JPY,2020-05-22T01:21:43.993,1478535,982109.0,982569.0,0.28,0.1,1651.90553456,1966.51429382,982570.0,153542.31245031,9437.75325588
BTC_JPY,2020-05-22T01:21:48.04,1478655,982571.0,982965.0,0.03,1.0,1652.03254847,1966.38689156,982668.0,153555.9062138,9438.35498365
BTC_JPY,2020-05-22T01:21:53.447,1478809,982097.0,982547.0,0.1,1.0,1650.00619979,1967.33749158,982101.0,153575.35684161,9438.40498365
BTC_JPY,2020-05-22T01:21:58.427,1478918,982152.0,982564.0,0.32,0.03,1651.54734683,1961.83690724,982058.0,153584.81614646,9439.40498365
BTC_JPY,2020-05-22T01:22:04.117,1479031,982169.0,983097.0,0.294,0.1,1651.44145411,1963.32530724,982571.0,153571.30190263,9440.00688365
BTC_JPY,2020-05-22T01:22:08.66,1479193,982564.0,982989.0,0.04,0.4806,1651.86565411,1963.22728086,982565.0,153579.54378237,9440.00788365
BTC_JPY,2020-05-22T01:22:13.53,1479344,982321.0,982644.0,0.1,0.4841,1648.55664975,1964.08888204,982564.0,153584.66082684,9440.04788365
BTC_JPY,2020-05-22T01:22:18.347,1479446,981933.0,982320.0,0.1,0.4,1649.12164798,1966.49298204,982320.0,153586.13202837,9440.64788365
BTC_JPY,2020-05-22T01:25:03.467,1483066,980478.0,981041.0,0.131,0.1,1644.15834641,1965.70889001,980998.0,153796.56101299,9449.91553421
BTC_JPY,2020-05-22T01:25:08.553,1483187,980479.0,981043.0,0.4362,0.05,1645.40781344,1966.4539899999997,980480.0,153806.04038369,9449.91653421
BTC_JPY,2020-05-22T01:25:13.947,1483278,980192.0,980350.0,0.32,0.6339600000000001,1643.89361344,1967.98751173,980350.0,153818.02879743,9451.58253421
BTC_JPY,2020-05-22T01:25:18.533,1483391,980203.0,980947.0,0.02,0.16635508,1644.62461344,1966.73965173,980350.0,153820.59375743,9452.21649421
BTC_JPY,2020-05-22T01:25:23.837,1483531,980149.0,980757.0,0.02,0.4654,1643.56577259,1968.66157344,980138.0,153823.85615306,9453.21649421
BTC_JPY,2020-05-22T01:25:28.52,1483645,980028.0,980456.0,0.02,0.1,1643.03049337,1968.85969936,980138.0,153825.83515306,9454.21649421
BTC_JPY,2020-05-22T01:25:33.037,1483745,980149.0,980889.0,0.02,0.4807,1643.17049337,1968.30629936,980138.0,153829.80837408,9454.21649421
BTC_JPY,2020-05-22T01:25:38.45,1483887,980012.0,980891.0,0.15,0.1,1640.07302115,1963.81189938,980000.0,153842.82067408,9460.21649421
BTC_JPY,2020-05-22T01:25:43.373,1483996,980264.0,980936.0,0.1,0.1,1642.45828427,1961.70542284,980229.0,153859.96479397,9461.24578421
BTC_JPY,2020-05-22T01:25:48.38,1484098,980306.0,980936.0,0.4729,0.09300000000000001,1644.53002544,1963.72133117,980936.0,153864.80799642,9461.25278421
BTC_JPY,2020-05-22T01:25:53.833,1484215,980330.0,980929.0,0.1,0.0723,1642.56107809,1966.40289853,980936.0,153882.68236819,9461.25278421
BTC_JPY,2020-05-22T01:25:58.27,1484319,980051.0,980873.0,0.30000013,0.4775,1642.09760374,1968.82953115,980936.0,153887.18981304,9461.25278421
BTC_JPY,2020-05-22T01:26:03.11,1484442,980000.0,980326.0,0.02,0.4749,1640.37001672,1970.48320968,979998.0,153873.19754241,9462.47011424
BTC_JPY,2020-05-22T01:26:08.6,1484548,979895.0,980315.0,0.1,0.32,1640.67089523,1971.5745290999998,979884.0,153875.01139023,9462.49111424
BTC_JPY,2020-05-22T01:26:13.413,1484616,979722.0,980035.0,0.001,0.1,1640.41882857,1970.1647290999997,979884.0,153885.52639049,9463.09111424
BTC_JPY,2020-05-22T01:26:18.79,1484728,979728.0,980331.0,0.0317,0.1,1640.70925519,1969.48128325,980305.0,153895.94415958,9463.65941424
BTC_JPY,2020-05-22T01:26:23.67,1484854,979712.0,980609.0,0.2,0.5649,1639.0966265999994,1964.15377704,980058.0,153898.78865853,9464.61106524
BTC_JPY,2020-05-22T01:26:29.003,1485006,979715.0,980594.0,0.05,0.3,1638.4765576,1963.11839001,980596.0,153901.97230048,9465.51206524
BTC_JPY,2020-05-22T01:26:33.737,1485113,980000.0,980614.0,0.26777885,0.28800000000000003,1639.46704268,1964.02729001,980000.0,153904.11596342,9466.01206524
BTC_JPY,2020-05-22T01:26:38.63,1485222,980000.0,980587.0,0.26777885,0.4594,1639.60306481,1963.77241836,980613.0,153904.25446342,9466.03056524
BTC_JPY,2020-05-22T01:26:43.75,1485331,979683.0,980000.0,0.30000013,0.28582115,1640.89214188,1963.95780868,980000.0,153906.68083439,9466.74474409
BTC_JPY,2020-05-22T01:26:48.927,1485456,979684.0,980500.0,0.2,0.5,1641.34862129,1965.2976654,980145.0,153917.03622566,9467.04056624
BTC_JPY,2020-05-22T01:26:53.707,1485563,979694.0,980500.0,0.2369,0.498,1641.88796104,1967.6235067000002,980500.0,153921.70607348,9467.04256624
BTC_JPY,2020-05-22T01:26:58.557,1485681,979703.0,980297.0,0.1891,0.1,1642.23016104,1969.2509067,980298.0,153922.32707348,9467.05456624
BTC_JPY,2020-05-22T01:27:03.033,1485743,979713.0,980297.0,0.1889,0.099,1642.28696104,1964.67064117,980297.0,153908.39289822,9464.53556624
BTC_JPY,2020-05-22T01:27:08.517,1485839,979602.0,980100.0,0.15,0.5,1641.26402743,1966.86042252,980297.0,153910.65243434,9465.01870724
BTC_JPY,2020-05-22T01:27:13.557,1485915,979622.0,980097.0,0.1008,0.1,1641.99372756,1966.48514118,980297.0,153913.44743434,9465.01870724
BTC_JPY,2020-05-22T01:27:18.113,1485977,979631.0,980097.0,0.15,0.1,1641.71930317,1966.63864105,980297.0,153915.78857225,9465.01870724
BTC_JPY,2020-05-22T01:30:03.197,1488988,981014.0,981710.0,0.25,0.25,1669.66989453,1963.54226353,981686.0,153954.84429742,9470.77193973
BTC_JPY,2020-05-22T01:30:08.793,1489144,981277.0,981710.0,0.7077,0.25,1670.82570549,1961.56553012,981686.0,153964.768528,9470.77193973
BTC_JPY,2020-05-22T01:30:13.1,1489253,981290.0,981710.0,0.6073,0.25,1670.94144583,1962.92375147,981686.0,153971.83637582,9470.77193973
BTC_JPY,2020-05-22T01:30:18.36,1489358,981553.0,981882.0,0.1,0.001,1669.90720875,1963.44835147,981710.0,153973.92394401,9471.02193973
BTC_JPY,2020-05-22T01:30:23.13,1489423,981563.0,981882.0,0.1,0.001,1668.21365468,1962.5477474,981710.0,153978.1441577,9471.02193973
BTC_JPY,2020-05-22T01:30:28.553,1489497,981502.0,981882.0,0.1,0.001,1668.06865468,1962.91204728,981710.0,153985.05422008,9471.51193973
BTC_JPY,2020-05-22T01:30:33.32,1489534,981500.0,981952.0,0.008,0.22,1669.04865468,1964.23504728,981710.0,153986.66522008,9471.51193973
BTC_JPY,2020-05-22T01:30:38.893,1489586,981500.0,981975.0,0.008,0.4582,1669.38191355,1964.5675474,981710.0,153988.6980679,9471.51193973
BTC_JPY,2020-05-22T01:30:43.297,1489628,981500.0,981975.0,0.008,0.4603,1669.41191355,1966.45214739,981710.0,153992.42497295,9471.51193973
BTC_JPY,2020-05-22T01:30:48.96,1489718,981500.0,981952.0,0.008,0.4549,1669.53553112,1967.48676496,981710.0,153994.51097295,9471.51193973
BTC_JPY,2020-05-22T01:30:53.077,1489791,981231.0,981500.0,0.31,0.3119,1668.08577716,1963.33206497,981500.0,153997.24082059,9471.51993973
BTC_JPY,2020-05-22T01:30:58.33,1489864,981158.0,981488.0,0.44999999,0.02,1668.65964379,1966.76198583,981488.0,154001.95176509,9471.71993973
BTC_JPY,2020-05-22T01:31:03.503,1489903,981158.0,981488.0,0.44999999,0.02,1668.88770498,1966.88459644,981488.0,153989.39295837,9471.50393973
BTC_JPY,2020-05-22T01:31:08.383,1490001,980865.0,981158.0,0.3,1e-08,1668.31020485,1967.889088,981158.0,153996.65561604,9472.50393972
BTC_JPY,2020-05-22T01:31:13.693,1490103,980861.0,981158.0,0.1,1e-08,1666.20381343,1969.10433795,980860.0,153999.69008179998,9472.80393985
BTC_JPY,2020-05-22T01:31:18.487,1490200,980676.0,981212.0,0.08829999,0.4601,1666.08085728,1969.03484652,980676.0,154025.85570813,9473.42263985
BTC_JPY,2020-05-22T01:31:23.117,1490280,980676.0,981175.0,0.08829999,0.2328,1666.78515962,1969.49787555,980676.0,154038.43570112,9473.42263985
BTC_JPY,2020-05-22T01:31:28.53,1490402,980676.0,981135.0,0.08829999,0.4629,1666.85668865,1970.33607554,980676.0,154043.05660672,9473.42263985
BTC_JPY,2020-05-22T01:31:33.357,1490505,980410.0,980675.0,0.101,0.09,1666.75958866,1970.68957543,980675.0,154045.46686707,9473.62093984
BTC_JPY,2020-05-22T01:31:38.347,1490545,980415.0,980675.0,0.05,0.5,1666.81218866,1970.56887573,980675.0,154048.74281707,9473.62093984
BTC_JPY,2020-05-22T01:31:44.023,1490587,980410.0,980674.0,0.101,0.1,1666.33488169,1970.43787573,980675.0,154049.95891459,9473.62093984
BTC_JPY,2020-05-22T01:31:48.49,1490622,980410.0,980674.0,0.101,0.1,1666.78708169,1970.4135464,980675.0,154051.60066489,9473.62093984
BTC_JPY,2020-05-22T01:31:53.873,1490743,980097.0,980564.0,0.00011109,0.1,1666.03139087,1973.97570171,980097.0,154061.73177117,9473.73182875
BTC_JPY,2020-05-22T01:31:58.553,1490842,980000.0,980527.0,0.495,0.1,1663.81062605,1968.99490157,980097.0,154070.678812,9474.53193984
BTC_JPY,2020-05-22T01:32:03.75,1490935,980000.0,980097.0,0.495,0.5,1665.81102437,1974.59559965,980097.0,154048.12432578,9473.54343984
BTC_JPY,2020-05-22T01:32:07.107,1490960,980000.0,980097.0,0.495,0.28,1665.30002437,1974.42769978,980097.0,154053.83526925,9473.76343984
BTC_JPY,2020-05-22T01:32:13.007,1491010,979609.0,979999.0,0.1,0.05,1666.01564083,1974.71361625,979999.0,154056.17266489,9474.30843984
BTC_JPY,2020-05-22T01:32:18.06,1491045,979621.0,979999.0,0.1,0.049,1666.727241,1974.32561629,979999.0,154057.2447016,9474.30943984
BTC_JPY,2020-05-22T01:35:03.2,1493837,979792.0,980329.0,0.1,0.1347,1672.89666586,1968.40986717,979795.0,154128.70695271,9483.83752266
BTC_JPY,2020-05-22T01:35:08.497,1493880,979794.0,980257.0,0.05,0.1,1673.03854445,1970.22529381,979795.0,154131.42180053,9483.83752266
BTC_JPY,2020-05-22T01:35:13.39,1493907,979792.0,980232.0,0.09,0.3991,1672.42854445,1971.78829381,979792.0,154131.74180053,9483.84752266
BTC_JPY,2020-05-22T01:35:18.543,1493940,979792.0,980219.0,0.19,0.3992,1674.60474445,1971.78939381,979792.0,154134.38864835,9483.84752266
BTC_JPY,2020-05-22T01:35:23.46,1493978,979792.0,980244.0,0.19,0.1,1674.66675753,1971.36200689,979792.0,154135.03864835,9483.84752266
BTC_JPY,2020-05-22T01:35:28.723,1494036,979585.0,980187.0,0.1,0.1,1672.59946573,1971.17275686,979775.0,154141.74864861,9484.43752279
BTC_JPY,2020-05-22T01:35:33.16,1494150,979511.0,980140.0,0.011000000000000001,0.1,1672.08163578,1972.86065687,979792.0,154146.23534525,9484.56852279
BTC_JPY,2020-05-22T01:35:38.193,1494249,979511.0,980088.0,0.011000000000000001,0.4998,1672.26752745,1973.31065686,979792.0,154148.48034525,9484.56852279
BTC_JPY,2020-05-22T01:35:43.533,1494355,979262.0,980036.0,0.32,0.4498,1671.82469893,1973.7321922,979511.0,154149.81912996,9484.57952279
BTC_JPY,2020-05-22T01:35:48.393,1494445,979099.0,979961.0,0.15,0.4517,1672.71114521,1973.05013997,979511.0,154151.40360288,9484.57952279
BTC_JPY,2020-05-22T01:35:53.94,1494564,979113.0,979953.0,0.15,0.1,1673.07234521,1967.75473998,979511.0,154152.84305343,9484.57952279
BTC_JPY,2020-05-22T01:35:58.057,1494625,979116.0,979914.0,0.31,0.1,1672.96794521,1971.55753998,979511.0,154155.07047815,9484.57952279
BTC_JPY,2020-05-22T01:36:03.343,1494748,979126.0,979500.0,0.2,0.1,1672.28154521,1971.87213999,979511.0,154101.37790481,9482.58022319
BTC_JPY,2020-05-22T01:36:08.523,1494894,979641.0,980469.0,0.5986,0.15,1675.08534706,1968.44274651,979500.0,154111.55442512,9482.68022319
BTC_JPY,2020-05-22T01:36:13.227,1495015,979644.0,980458.0,0.15,0.1,1672.43225079,1966.39429856,979640.0,154124.66214858,9483.41022319
BTC_JPY,2020-05-22T01:36:18.243,1495141,979953.0,980595.0,0.4479,0.1,1674.37509698,1967.66600922,979640.0,154136.83068086,9483.41022319
BTC_JPY,2020-05-22T01:36:23.28,1495215,979970.0,980595.0,0.31,0.1,1674.23592949,1968.39980922,979640.0,154141.13852868,9483.41022319
BTC_JPY,2020-05-22T01:36:29.067,1495344,980276.0,980633.0,0.05,0.25999986,1675.37797108,1966.02124076,980633.0,154149.20321635,9483.76022332
BTC_JPY,2020-05-22T01:36:33.21,1495417,980087.0,980620.0,0.05,0.1,1673.9674502999999,1968.97828542,980633.0,154159.01125987,9483.76022332
BTC_JPY,2020-05-22T01:36:38.21,1495491,980129.0,980630.0,0.5889,0.1,1674.23818385,1968.61463431,980633.0,154161.99378351,9483.76022332
BTC_JPY,2020-05-22T01:36:43.68,1495556,979979.0,980630.0,0.4361,0.1,1673.61993497,1968.61563431,979977.0,154177.51829143,9484.30818342
BTC_JPY,2020-05-22T01:36:48.773,1495646,980154.0,980631.0,0.31,0.18989,1674.47429521,1968.51363567,980631.0,154180.31596928,9484.50929342
BTC_JPY,2020-05-22T01:36:53.857,1495766,980633.0,980690.0,0.75000014,1.1,1674.50858434,1968.29573338,980633.0,154187.15181113,9484.76929328
BTC_JPY,2020-05-22T01:36:57.95,1495838,980634.0,980939.0,0.1,0.1,1673.90802153,1966.23488226,980633.0,154191.81400808,9485.94385574
BTC_JPY,2020-05-22T01:37:03.773,1495875,980634.0,980939.0,0.051,0.1,1672.28343265,1967.13088226,980633.0,154185.88452370002,9486.06538574
BTC_JPY,2020-05-22T01:37:08.78,1495933,980634.0,980939.0,0.04989021,0.1,1674.83977174,1966.90498226,980634.0,154186.18563349,9486.06649553
BTC_JPY,2020-05-22T01:37:13.83,1496011,980633.0,980939.0,0.48199768,0.1,1674.26114701,1967.66643508,980634.0,154188.38425065,9486.06649553
BTC_JPY,2020-05-22T01:37:18.567,1496098,980633.0,980927.0,0.48199768,0.4362,1675.19286353,1968.06333508,980634.0,154191.59525065,9486.06649553
BTC_JPY,2020-05-22T01:40:03.743,1499395,979178.0,979609.0,0.1,0.1,1675.18256581,1971.45987243,979518.0,154169.74879408,9486.91300814
BTC_JPY,2020-05-22T01:40:08.183,1499531,979203.0,979774.0,0.05,0.453,1676.82723681,1971.8485323,979518.0,154171.57312756,9486.91300814
BTC_JPY,2020-05-22T01:40:13.88,1499652,979215.0,979772.0,0.05,0.1,1675.31384319,1970.5256323,979563.0,154172.87497538,9487.23300814
BTC_JPY,2020-05-22T01:40:18.987,1499786,979097.0,979382.0,0.06903588,0.5481,1673.84479301,1971.83309406,979563.0,154177.46995899998,9487.23300814
BTC_JPY,2020-05-22T01:40:22.96,1499875,979097.0,979378.0,0.06903588,0.4481,1674.54352359,1970.96809406,979563.0,154179.4654916,9487.23300814
BTC_JPY,2020-05-22T01:40:28.007,1499970,979097.0,979617.0,0.06903588,0.2,1674.985593,1971.01002466,979563.0,154186.33111332,9487.23300814
BTC_JPY,2020-05-22T01:40:34.013,1500077,979097.0,979611.0,0.06903588,0.4421,1675.15207581,1970.96607688,979563.0,154189.94331157,9487.23300814
BTC_JPY,2020-05-22T01:40:39.033,1500179,979097.0,979584.0,0.06903588,0.4428,1675.63607581,1971.06574484,979563.0,154190.94331157,9487.23300814
BTC_JPY,2020-05-22T01:40:43.097,1500295,979146.0,979830.0,0.4492,0.32,1678.61333167,1969.22403039,979585.0,154197.79948698,9487.73297609
BTC_JPY,2020-05-22T01:40:48.413,1500420,979098.0,979819.0,0.4469,0.1,1677.88633167,1970.010386,979585.0,154198.51637507,9487.73297609
BTC_JPY,2020-05-22T01:40:52.993,1500490,979099.0,979807.0,0.4485,0.1,1678.11953153,1967.99390693,979585.0,154201.22537537,9487.73297609
BTC_JPY,2020-05-22T01:40:58.893,1500609,979282.0,979830.0,0.02042921,0.32,1678.04073893,1969.48768601,979126.0,154204.04537537,9487.76297609
BTC_JPY,2020-05-22T01:41:03.673,1500715,979330.0,979902.0,0.1,0.32,1676.8307388,1968.53120695,979126.0,154097.92043662,9481.39741827
BTC_JPY,2020-05-22T01:41:08.6,1500777,979361.0,979902.0,0.4471,0.32,1678.70553893,1968.63520695,979126.0,154098.25043662,9481.39741827
BTC_JPY,2020-05-22T01:41:13.033,1500848,979384.0,979901.0,0.4471,0.1,1679.55393891,1969.23220695,979126.0,154101.69918417,9481.39741827
BTC_JPY,2020-05-22T01:41:18.113,1500979,979509.0,980000.0,0.1,0.005,1681.0940996,1967.76456132,979396.0,154109.28474313,9481.43241827
BTC_JPY,2020-05-22T01:41:23.373,1501078,979540.0,980000.0,0.4992,0.005,1681.0788996,1967.75816132,979537.0,154109.56474313,9481.48241827
BTC_JPY,2020-05-22T01:41:28.81,1501179,979559.0,979790.0,0.4215,0.77777073,1679.28357563,1968.85326877,979790.0,154113.2512115,9481.70464754
BTC_JPY,2020-05-22T01:41:33.41,1501226,979486.0,979790.0,0.05,0.67777073,1677.99767564,1966.25036877,979790.0,154116.3012115,9481.80464754
BTC_JPY,2020-05-22T01:41:38.917,1501271,979484.0,980000.0,0.1,0.005,1678.51353265,1967.56753108,979790.0,154117.01452375,9481.80464754
BTC_JPY,2020-05-22T01:41:43.71,1501306,979484.0,980000.0,0.1,0.005,1677.37113254,1967.98853095,979790.0,154120.63228157,9481.80464754
BTC_JPY,2020-05-22T01:41:48.223,1501359,979483.0,980000.0,0.44999999,0.005,1677.57158843,1968.31323095,979790.0,154122.23209157,9481.80464754
BTC_JPY,2020-05-22T01:41:53.493,1501473,979483.0,979989.0,0.44999999,0.01,1677.72533776,1969.89893108,979790.0,154124.49629721,9481.80464754
BTC_JPY,2020-05-22T01:41:58.853,1501523,979483.0,979989.0,0.07799999,0.01,1677.04052081,1969.99703172,979483.0,154126.25741083,9482.17664754
BTC_JPY,2020-05-22T01:42:02.95,1501562,979483.0,979822.0,0.07799999,0.1,1677.37177298,1968.25082813,979483.0,154081.64862444,9481.31564754
BTC_JPY,2020-05-22T01:42:08.397,1501586,979483.0,979822.0,0.07799999,0.1,1678.27277298,1967.91462813,979483.0,154087.42536739,9481.31564754
BTC_JPY,2020-05-22T01:42:13.557,1501606,979483.0,979822.0,0.07799999,0.1,1677.616473,1969.91462813,979483.0,154088.17071521,9481.31564754
BTC_JPY,2020-05-22T01:42:18.857,1501625,979294.0,979822.0,0.4439,0.1,1677.5019765999998,1969.91462813,979483.0,154089.82171521,9481.31564754
BTC_JPY,2020-05-22T01:45:03.523,1504357,980630.0,980990.0,0.30000013,1.0,1679.14768365,1965.99732138,980632.0,154114.45344338,9478.13165004
BTC_JPY,2020-05-22T01:45:08.723,1504403,980427.0,980989.0,0.31,0.089999,1680.35736019,1966.40985757,980632.0,154118.47884338,9478.13165004
BTC_JPY,2020-05-22T01:45:13.86,1504437,980436.0,980989.0,0.15,0.089999,1679.44836021,1966.41085757,980632.0,154120.6818814,9478.13165004
BTC_JPY,2020-05-22T01:45:18.983,1504501,980572.0,980989.0,0.5562,0.069997,1679.47206009,1963.34285557,980989.0,154124.18288339998,9478.15165204
BTC_JPY,2020-05-22T01:45:23.927,1504600,980584.0,980990.0,0.15,0.999999,1679.66105887,1966.21945757,980990.0,154133.04799657,9478.22165004
BTC_JPY,2020-05-22T01:45:28.23,1504687,980635.0,981000.0,0.25,0.020997,1680.86968662,1964.07028199,981000.0,154136.18602678,9478.25165304
BTC_JPY,2020-05-22T01:45:33.697,1504766,980633.0,980988.0,0.1,0.21,1678.87281029,1965.29798199,981000.0,154141.59933944,9478.25165304
BTC_JPY,2020-05-22T01:45:39.047,1504826,980633.0,980975.0,0.1,0.0629,1680.63271782,1968.28348784,981000.0,154152.17819789,9478.25165304
BTC_JPY,2020-05-22T01:45:43.96,1504851,980633.0,980988.0,0.1,0.21,1680.66671782,1967.86058784,981000.0,154153.24283977,9478.25165304
BTC_JPY,2020-05-22T01:45:48.73,1504886,980633.0,980988.0,0.1,0.21,1680.15601782,1968.4368744000005,981000.0,154155.3832594,9478.25165304
BTC_JPY,2020-05-22T01:45:53.69,1504919,980976.0,981000.0,0.2,1.020997,1681.14401782,1969.9622077999998,981000.0,154157.50134216,9478.25165304
BTC_JPY,2020-05-22T01:45:58.76,1504942,980632.0,980977.0,1.25,0.21,1680.95401782,1967.50739775,980976.0,154157.90134216,9478.45165304
BTC_JPY,2020-05-22T01:46:03.05,1504995,980632.0,980691.0,0.05002222,0.32,1678.78750225,1968.29729775,980632.0,154097.82195013,9478.21121932
BTC_JPY,2020-05-22T01:46:08.313,1505052,980569.0,980691.0,0.1,0.32,1679.48150189,1967.51806009,980632.0,154104.80411893,9478.26124154
BTC_JPY,2020-05-22T01:46:12.343,1505074,980569.0,980691.0,0.1,0.32,1679.63661362,1968.16106009,980632.0,154105.62150586,9478.26124154
BTC_JPY,2020-05-22T01:46:18.563,1505106,980497.0,980691.0,0.44999999,0.32,1679.54270202,1967.66766009,980632.0,154107.79732183,9478.26124154
BTC_JPY,2020-05-22T01:46:23.097,1505138,980103.0,980690.0,0.2,0.4322,1679.59260203,1965.67756009,980632.0,154108.24602856,9478.26124154
BTC_JPY,2020-05-22T01:46:28.103,1505234,980107.0,980690.0,0.05,0.4329,1679.17930202,1967.67826009,980632.0,154109.12002856,9478.26124154
BTC_JPY,2020-05-22T01:46:33.437,1505327,980117.0,980690.0,0.1,0.4302,1679.13105212,1967.46037169,980678.0,154110.19002856,9478.27124154
BTC_JPY,2020-05-22T01:46:39.037,1505416,980102.0,980691.0,0.01,0.32,1680.0981708000006,1967.1165423,980678.0,154112.19047422,9478.27124154
BTC_JPY,2020-05-22T01:46:43.047,1505462,980105.0,980690.0,1.2684548999999998,0.433,1680.0676565,1966.9485423,980678.0,154112.19047422,9478.27124154
BTC_JPY,2020-05-22T01:46:48.87,1505557,979955.0,980690.0,0.31,0.4383,1678.15965614,1967.42634229,979951.0,154115.43493251,9480.7700419
BTC_JPY,2020-05-22T01:46:53.73,1505638,979967.0,980690.0,0.05,0.4383,1680.12394528,1967.26646557,979951.0,154117.61331095,9480.7700419
BTC_JPY,2020-05-22T01:46:58.217,1505713,979979.0,980687.0,0.3,0.4383,1679.59081172,1965.62446557,979951.0,154118.27331095,9480.7700419
BTC_JPY,2020-05-22T01:47:03.55,1505776,979992.0,980687.0,0.31,0.4383,1678.89139292,1963.94446557,979951.0,154105.36022663,9480.3313119
BTC_JPY,2020-05-22T01:47:09.027,1505864,980007.0,980739.0,1.0,0.32,1678.85809397,1964.69316156,979951.0,154112.42968322,9480.3313119
BTC_JPY,2020-05-22T01:47:13.233,1505972,980084.0,980984.0,0.31,0.425,1679.07124208,1964.85636169,979951.0,154116.61725614,9480.3313119
BTC_JPY,2020-05-22T01:47:18.47,1506102,980135.0,980897.0,1.0,0.4376,1679.31851101,1965.30526558,979951.0,154118.46220185,9480.3313119
BTC_JPY,2020-05-22T01:50:03.83,1509623,980150.0,980226.0,0.1,0.32,1678.32505313,1971.5023571,981243.0,154041.58654976,9478.49915547
BTC_JPY,2020-05-22T01:50:08.207,1509694,980150.0,980289.0,0.1,0.151,1683.92871072,1970.48397203,980226.0,154046.18284884,9479.01915547
BTC_JPY,2020-05-22T01:50:13.443,1509773,980201.0,980648.0,0.1,0.4249,1686.88313004,1969.22911873,980289.0,154051.91453612,9479.17015547
BTC_JPY,2020-05-22T01:50:18.013,1509821,980201.0,980608.0,0.1,0.4791,1685.86012991,1969.5033186,980289.0,154053.60307959,9479.17015547
BTC_JPY,2020-05-22T01:50:23.017,1509895,980200.0,980582.0,3.0,0.21,1686.35855931,1967.41421873,980289.0,154054.50807959,9479.17015547
BTC_JPY,2020-05-22T01:50:28.9,1509953,980200.0,980400.0,3.0,1.0,1683.48955918,1966.55781873,980582.0,154055.37807959,9479.38015547
BTC_JPY,2020-05-22T01:50:33.647,1510051,980214.0,980987.0,0.4308,0.2557,1684.97308786,1965.01430669,980400.0,154062.73413336,9480.38015547
BTC_JPY,2020-05-22T01:50:38.147,1510147,980418.0,980953.0,0.2212,0.1,1685.84948786,1969.49270669,980400.0,154066.720038,9480.38015547
BTC_JPY,2020-05-22T01:50:43.357,1510239,980215.0,980700.0,0.2231,1.2,1686.08868477,1970.4884106,980400.0,154068.92107615,9480.38015547
BTC_JPY,2020-05-22T01:50:48.19,1510304,980203.0,980687.0,0.1,0.4158,1684.69427476,1969.14721061,980687.0,154073.73144161,9480.40015547
BTC_JPY,2020-05-22T01:50:54.057,1510404,980200.0,980676.0,0.03,0.1,1682.28527476,1970.82541061,980687.0,154074.41722171,9480.40115547
BTC_JPY,2020-05-22T01:50:57.61,1510455,980200.0,980400.0,0.03,1.0,1682.97057476,1971.41820061,980687.0,154075.53622171,9480.40115547
BTC_JPY,2020-05-22T01:51:03.657,1510487,980200.0,980411.0,0.03,0.008490000000000001,1683.51437476,1968.07420061,980400.0,154024.38611177,9479.4855524
BTC_JPY,2020-05-22T01:51:07.997,1510531,980500.0,980698.0,2.99151,0.4445,1686.6947829,1972.13290875,980411.0,154024.74460177,9479.4940424
BTC_JPY,2020-05-22T01:51:13.363,1510557,980500.0,980697.0,1.98151,0.4485,1685.8197829,1971.53490875,980500.0,154026.09560177,9480.5040424
BTC_JPY,2020-05-22T01:51:17.91,1510593,980501.0,980699.0,0.4469,2.8,1687.73231756,1970.60914525,980500.0,154028.92859885,9480.5040424
BTC_JPY,2020-05-22T01:51:22.883,1510628,980500.0,980699.0,0.98151,2.8,1685.96516876,1971.15329858,980500.0,154031.09859885,9481.5040424
BTC_JPY,2020-05-22T01:51:28.047,1510652,980500.0,980699.0,0.98151,2.79798773,1685.88296876,1971.14228631,980699.0,154031.52061112,9481.50605467
BTC_JPY,2020-05-22T01:51:33.62,1510670,980500.0,980699.0,0.98151,2.79798773,1685.88296876,1969.53309631,980699.0,154031.75061112,9481.50605467
BTC_JPY,2020-05-22T01:51:38.29,1510711,980500.0,980698.0,0.98151,0.4575,1685.81792036,1967.19056258,980699.0,154034.99646346,9481.50705467
BTC_JPY,2020-05-22T01:51:43.053,1510771,980200.0,980499.0,0.13,0.4693,1683.71240069,1970.39943837,980674.0,154037.19426346,9482.50805467
BTC_JPY,2020-05-22T01:51:48.067,1510827,980200.0,980650.0,0.13,0.229,1684.45362503,1967.02576258,980699.0,154042.34204764,9484.50805467
BTC_JPY,2020-05-22T01:51:52.987,1510868,980500.0,980663.0,0.002,0.1,1684.57162503,1971.06658813,980699.0,154045.05094764,9484.50805467
BTC_JPY,2020-05-22T01:51:58.39,1510910,980200.0,980674.0,0.13,0.2287,1684.60362503,1970.96438813,980500.0,154047.53079254,9484.51005467
BTC_JPY,2020-05-22T01:52:02.813,1510973,980000.0,980637.0,7.80453905,0.4841,1680.92952566,1971.21111302,980000.0,154028.91437868,9483.69228567
BTC_JPY,2020-05-22T01:52:08.807,1511064,980000.0,980585.0,7.80453905,0.1,1682.11152579,1972.52001302,980000.0,154032.25132948,9483.69228567
BTC_JPY,2020-05-22T01:52:13.26,1511144,980000.0,980546.0,7.80453905,0.4876,1682.11161062,1973.19169785,980000.0,154032.69132948,9483.69228567
BTC_JPY,2020-05-22T01:52:18.017,1511227,980000.0,980496.0,7.59453905,0.1,1681.00161062,1972.07309785,980000.0,154034.22609948,9483.90228567
BTC_JPY,2020-05-22T01:55:03.117,1514708,978003.0,978728.0,0.387,0.09,1675.74642555,1965.87132304,978000.0,154072.55535221,9492.82258212
BTC_JPY,2020-05-22T01:55:08.703,1514804,978005.0,978723.0,0.05,0.4702,1676.44352567,1970.06479469,978000.0,154077.32314333,9493.52258212
BTC_JPY,2020-05-22T01:55:13.91,1514937,978014.0,978926.0,0.4917,0.3011,1676.99452567,1972.30969469,978000.0,154082.86075921,9493.52258212
BTC_JPY,2020-05-22T01:55:18.563,1515041,978023.0,978925.0,0.4911,0.09,1677.64562567,1971.94859469,978000.0,154084.38075921,9493.52258212
BTC_JPY,2020-05-22T01:55:23.623,1515163,978039.0,978921.0,0.3107,0.09,1676.86352567,1971.15959469,978037.0,154085.52949703,9493.52358212
BTC_JPY,2020-05-22T01:55:28.07,1515282,978047.0,978985.0,0.2594,0.309,1677.21022567,1971.22679469,978037.0,154086.00399703,9493.52358212
BTC_JPY,2020-05-22T01:55:33.65,1515409,978057.0,978877.0,0.05,0.3,1678.23782567,1972.18529476,978516.0,154090.09300903,9493.84359412
BTC_JPY,2020-05-22T01:55:38.487,1515491,978042.0,978877.0,0.30000013,0.4858,1678.00362567,1971.99772139,978516.0,154090.79300903,9493.84359412
BTC_JPY,2020-05-22T01:55:43.513,1515641,978357.0,979000.0,0.6938,0.00432073,1678.89762453,1965.61069541,979000.0,154108.65053016,9496.15927339
BTC_JPY,2020-05-22T01:55:48.92,1515785,978578.0,979341.0,0.15,0.31567841,1678.36872661,1963.83741274,979341.0,154117.92202946,9496.16791571
BTC_JPY,2020-05-22T01:55:53.023,1515836,978579.0,979340.0,0.05,0.4946,1677.27288432,1970.105768,979341.0,154123.49172510006,9496.16791571
BTC_JPY,2020-05-22T01:55:58.28,1515872,978579.0,979340.0,0.05,0.4946,1678.82441651,1971.33222571,979341.0,154125.79656676,9496.16791571
BTC_JPY,2020-05-22T01:56:03.64,1515920,978683.0,979340.0,0.05,0.4946,1678.43441652,1971.4905473000001,979341.0,154092.47778925,9495.15791571
BTC_JPY,2020-05-22T01:56:09.037,1516049,979048.0,979598.0,0.05,0.1,1680.22200641,1965.07364605,979341.0,154104.00308881,9496.40791571
BTC_JPY,2020-05-22T01:56:13.983,1516093,979049.0,979598.0,0.05,0.1,1679.31547423,1967.07254592,979341.0,154108.9356606,9496.40791571
BTC_JPY,2020-05-22T01:56:18.24,1516127,979183.0,979598.0,0.05,0.1,1680.40207409,1967.31254605,979341.0,154112.59637837,9496.40791571
BTC_JPY,2020-05-22T01:56:23.73,1516242,978960.0,979339.0,0.44999999,0.3,1676.9147220999994,1967.83784455,979341.0,154118.89271315,9496.42291721
BTC_JPY,2020-05-22T01:56:28.127,1516346,978536.0,979297.0,0.15,0.1,1677.90211379,1967.48608796,978960.0,154137.96551059998,9496.8729172
BTC_JPY,2020-05-22T01:56:32.86,1516453,978635.0,979297.0,0.15,0.5054,1679.61495644,1968.27724514,979298.0,154146.91999208,9496.9729172
BTC_JPY,2020-05-22T01:56:38.157,1516527,978631.0,979507.0,0.30000013,0.05,1679.53335644,1968.49734664,979298.0,154155.34492869,9496.9729172
BTC_JPY,2020-05-22T01:56:43.36,1516642,978716.0,979597.0,0.15,0.2526,1679.18835195,1967.77854567,979298.0,154156.87492869,9496.9729172
BTC_JPY,2020-05-22T01:56:48.737,1516745,979298.0,979598.0,0.1,0.1,1680.21178693,1969.21604566,979298.0,154158.40492869,9496.9729172
BTC_JPY,2020-05-22T01:56:53.377,1516831,979299.0,979598.0,0.1,0.1,1679.78008693,1964.55344566,979298.0,154165.77777691,9496.9729172
BTC_JPY,2020-05-22T01:56:58.903,1516892,979298.0,979515.0,0.038,0.1,1679.68645195,1968.79984566,979298.0,154167.38762473,9497.0349172
BTC_JPY,2020-05-22T01:57:03.687,1516979,979298.0,979598.0,0.038,0.1,1681.32245195,1963.59585149,979298.0,154100.5452303,9490.53691519
BTC_JPY,2020-05-22T01:57:08.61,1517041,979298.0,979598.0,0.1,0.1,1680.70354499,1968.57895136,979298.0,154105.36742031,9490.57491519
BTC_JPY,2020-05-22T01:57:13.173,1517113,979298.0,979598.0,0.1,0.1,1681.05084513,1968.16263149,979298.0,154108.19053135,9490.57491519
BTC_JPY,2020-05-22T01:57:18.253,1517250,978495.0,979321.0,0.3284,0.1,1678.95807472,1971.05832164,979298.0,154117.94420997,9490.67491519
BTC_JPY,2020-05-22T02:00:03.127,1520634,979221.0,979730.0,0.44999999,0.1,1681.85133677,1964.45644642,979613.0,154071.76980439,9490.72191819
BTC_JPY,2020-05-22T02:00:08.913,1520754,979544.0,980068.0,0.4796,0.02,1683.33636302,1968.04983337,979613.0,154086.91731849,9490.72191819
BTC_JPY,2020-05-22T02:00:13.78,1520854,979236.0,980057.0,0.30000013,0.1,1681.96096736,1971.28149794,979613.0,154099.02463941,9490.72191819
BTC_JPY,2020-05-22T02:00:18.39,1520949,979231.0,980016.0,0.05,0.1,1683.44265927,1969.35270032,979613.0,154114.32618887,9490.72191819
BTC_JPY,2020-05-22T02:00:23.22,1521056,979233.0,980022.0,0.4783,0.1,1686.44207725,1968.00528883,979613.0,154124.84026789,9490.72191819
BTC_JPY,2020-05-22T02:00:28.087,1521154,979236.0,979986.0,0.05,0.1,1685.80587078,1971.36508807,979613.0,154129.89738244,9490.72191819
BTC_JPY,2020-05-22T02:00:33.71,1521270,979105.0,979945.0,0.32,0.4798,1684.64370825,1971.56638807,979957.0,154139.04726735,9490.73212219
BTC_JPY,2020-05-22T02:00:38.527,1521339,979613.0,979919.0,0.34,0.16,1685.40850825,1969.9911816,979957.0,154149.66400933,9490.73212219
BTC_JPY,2020-05-22T02:00:43.857,1521440,979330.0,980007.0,0.4763,0.3207,1685.04884984,1968.1818816,979330.0,154152.25407652,9491.23212219
BTC_JPY,2020-05-22T02:00:48.007,1521512,979613.0,980068.0,0.010069,0.02,1684.60702535,1969.80003616,979330.0,154156.1825935,9491.23212219
BTC_JPY,2020-05-22T02:00:53.677,1521599,979613.0,980068.0,0.010069,0.02,1684.59532534,1969.30611441,979330.0,154159.66244835,9491.23212219
BTC_JPY,2020-05-22T02:00:58.75,1521655,979613.0,980068.0,0.008069,0.02,1685.07992534,1969.39181441,979613.0,154160.00944835,9491.23412219
BTC_JPY,2020-05-22T02:01:03.86,1521735,979530.0,980068.0,0.4763,0.02,1685.54255633,1969.91181441,979613.0,154094.49908078,9491.24119119
BTC_JPY,2020-05-22T02:01:08.33,1521811,979531.0,980068.0,0.30000013,0.02,1685.06405634,1969.22291441,979613.0,154099.27258791,9491.24119119
BTC_JPY,2020-05-22T02:01:13.19,1521886,979502.0,980068.0,0.30000013,0.02,1683.98425635,1969.86609078,979613.0,154099.81876821,9491.24119119
BTC_JPY,2020-05-22T02:01:18.647,1521981,979503.0,980068.0,0.05,0.02,1683.58420827,1970.56759091,979613.0,154101.58946953,9491.24119119
BTC_JPY,2020-05-22T02:01:23.683,1522097,979833.0,980194.0,0.32,0.001,1684.08793487,1968.91475282,980080.0,154112.84548385,9491.26598119
BTC_JPY,2020-05-22T02:01:29.037,1522149,979834.0,980194.0,0.30000013,0.001,1684.08393487,1969.49572577,980080.0,154116.63548385,9491.26598119
BTC_JPY,2020-05-22T02:01:33.12,1522276,980385.0,980600.0,0.4920000000000001,1.100999,1685.63158039,1963.05663205,980600.0,154137.23640926,9494.37698219
