product_code,timestamp,tick_id,best_bid,best_ask,best_bid_size,best_ask_size,total_bid_depth,total_ask_depth,ltp,volume,volume_by_product
BTC_JPY,2020-05-28T23:55:10.153,12674784,1029457.0,1030017.0,0.155,0.1,1677.99082891,1946.52861478,1030017.0,120472.4985503,6148.30314192
BTC_JPY,2020-05-28T23:55:14.233,12674849,1029457.0,1029997.0,0.155,0.2,1680.26652892,1953.80300016,1029458.0,120476.65028726,6148.39314192
BTC_JPY,2020-05-28T23:55:19.157,12674951,1029457.0,1029962.0,0.145,0.5113,1675.38274304,1957.11237695,1029457.0,120477.84224071,6147.90314192
BTC_JPY,2020-05-28T23:55:23.2,12675030,1029457.0,1030016.0,0.045,0.05,1677.95624305,1951.77055191,1030000.0,120483.91074242,6151.47369613
BTC_JPY,2020-05-28T23:55:28.287,12675111,1029542.0,1029960.0,0.1,0.1,1678.42693543,1945.46083317,1030017.0,120485.19557997,6151.22369613
BTC_JPY,2020-05-28T23:55:34.59,12675225,1030001.0,1030080.0,0.1,0.105,1700.05819028,1950.475476,1029960.0,120475.87635681,6150.61369713
BTC_JPY,2020-05-28T23:55:38.99,12675272,1030001.0,1030080.0,0.1,0.105,1702.67389028,1952.173326,1029960.0,120477.23746681,6150.11369713
BTC_JPY,2020-05-28T23:55:44.32,12675373,1030000.0,1030017.0,0.37353315,0.01,1701.38089041,1955.49598613,1030001.0,120479.40321181,6149.71369713
BTC_JPY,2020-05-28T23:55:48.48,12675439,1030001.0,1030080.0,0.1,0.105,1703.01526862,1954.49027434,1030017.0,120479.77961181,6149.72369713
BTC_JPY,2020-05-28T23:55:54.377,12675498,1029601.0,1030000.0,0.30000013,0.52646685,1699.93824197,1955.15439756,1030000.0,120486.77842149,6150.16723028
BTC_JPY,2020-05-28T23:55:59.103,12675569,1029719.0,1030000.0,0.30000013,0.30746685,1703.25414197,1955.92798015,1030000.0,120481.75291468,6145.53887018
BTC_JPY,2020-05-28T23:56:04.303,12675658,1029772.0,1030080.0,0.2132,0.105,1702.75794184,1953.1911333,1030000.0,120481.91874338,6145.34633703
BTC_JPY,2020-05-28T23:56:09.537,12675769,1029981.0,1030500.0,0.30000013,0.01,1702.7484114,1953.89983026,1030100.0,120483.90357643,6144.65133703
BTC_JPY,2020-05-28T23:56:13.947,12675859,1030045.0,1030500.0,0.32,0.01,1702.48801127,1952.56983026,1030100.0,120464.77061829,6144.15133703
BTC_JPY,2020-05-28T23:56:19.327,12676023,1029754.0,1030458.0,0.32,0.3,1700.77690375,1950.99417261,1030469.0,120460.94162305,6143.43833703
BTC_JPY,2020-05-28T23:56:24.407,12676156,1030000.0,1030415.0,0.1,0.1252,1701.23406265,1951.5144333,1030469.0,120453.97192487,6142.93833703
BTC_JPY,2020-05-28T23:56:28.54,12676266,1030000.0,1030372.0,0.1,0.1688,1701.06251444,1951.58468026,1030080.0,120456.77057024,6142.96748703
BTC_JPY,2020-05-28T23:56:34.043,12676442,1029754.0,1030326.0,0.0605,0.4011,1700.15534186,1947.98896084,1030000.0,120457.43095574,6143.06748703
BTC_JPY,2020-05-28T23:56:39.733,12676645,1029275.0,1029961.0,0.68078935,0.3,1694.72294966,1951.53549591,1029457.0,120470.88785457,6143.21298703
BTC_JPY,2020-05-28T23:56:43.767,12676779,1029275.0,1029924.0,0.68078935,0.7841,1699.29801255,1952.8133214000002,1029554.0,120469.82794836,6143.32008703
BTC_JPY,2020-05-28T23:56:48.92,12676907,1029276.0,1029858.0,0.4801,0.045989999999999996,1700.41211442,1956.20402139,1029275.0,120479.19828996,6153.08008503
BTC_JPY,2020-05-28T23:56:53.9,12677036,1029461.0,1029856.0,0.32,0.01,1702.0428213,1957.73950817,1029275.0,120479.43465968,6152.08908503
BTC_JPY,2020-05-28T23:56:58.843,12677141,1029480.0,1030000.0,1.1,0.01,1702.84881643,1952.1920432999998,1029464.0,120464.63897298,6150.03074315
BTC_JPY,2020-05-28T23:57:03.707,12677246,1029557.0,1029999.0,0.5342,0.01,1703.76054897,1955.84686583,1029464.0,120459.99570576,6150.03074315
BTC_JPY,2020-05-28T23:57:08.83,12677345,1029561.0,1029999.0,0.5342,0.01,1702.20054896,1955.98839583,1029464.0,120458.76160242,6150.03074315
BTC_JPY,2020-05-28T23:57:13.74,12677466,1029572.0,1030415.0,0.1,0.04445,1701.65694896,1957.01891583,1029464.0,120457.55700927,6150.03074315
BTC_JPY,2020-05-28T23:57:19.097,12677560,1029557.0,1030381.0,0.5342,0.1,1702.87694896,1956.70856583,1029464.0,120459.86920068,6150.03074315
BTC_JPY,2020-05-28T23:57:24.773,12677686,1029975.0,1030374.0,0.6297,0.05,1706.06851643,1955.5956333000001,1029999.0,120465.88536223,6150.60074315
BTC_JPY,2020-05-29T00:00:08.727,12681618,1030951.0,1031695.0,0.1,0.1,1704.17873279,1936.99071465,1031706.0,120460.08785743,6146.10945429
BTC_JPY,2020-05-29T00:00:14.73,12681820,1032007.0,1032500.0,0.536,0.02,1705.95744814,1924.00955131,1032454.0,120477.02356760002,6151.07085438
BTC_JPY,2020-05-29T00:00:17.793,12681885,1032343.0,1032560.0,0.32,0.1,1705.61894814,1925.75468391,1032500.0,120483.3448458,6151.18277103
BTC_JPY,2020-05-29T00:00:23.953,12682010,1032801.0,1033000.0,0.70159957,7.1919,1705.59165597,1924.47708181,1032866.0,120478.28567352,6151.64577103
BTC_JPY,2020-05-29T00:00:29.643,12682101,1032801.0,1032998.0,0.70159957,0.01,1708.62535611,1927.3912039,1032866.0,120477.89047977,6151.64577103
BTC_JPY,2020-05-29T00:00:34.693,12682260,1032106.0,1032779.0,0.02,0.03,1708.48375641,1938.6820039,1032801.0,120471.59378176,6151.4633906
BTC_JPY,2020-05-29T00:00:39.133,12682413,1032106.0,1032586.0,0.02,0.041,1711.75459904,1934.70900377,1032777.0,120467.35803356,6150.80937304
BTC_JPY,2020-05-29T00:00:44.31,12682550,1031890.0,1032572.0,0.00781406,0.1388,1709.43233395,1939.98604416,1031890.0,120464.21921542,6149.76968205
BTC_JPY,2020-05-29T00:00:49.263,12682665,1031890.0,1032538.0,0.00781406,0.2,1710.13059624,1934.70635398,1031890.0,120434.45791942,6149.73968205
BTC_JPY,2020-05-29T00:00:54.24,12682775,1031855.0,1032533.0,0.3031,0.30000013,1707.54820749,1927.14559411,1031854.0,120429.92169184,6150.02574186
BTC_JPY,2020-05-29T00:00:57.92,12682892,1032073.0,1032543.0,0.4013,0.003,1710.31564689,1930.71047326,1031854.0,120431.32814403,6150.02374186
BTC_JPY,2020-05-29T00:01:04.35,12683022,1032672.0,1032749.0,6e-05,0.003,1706.71544458,1929.43813161,1032672.0,120440.76334505,6149.77968286
BTC_JPY,2020-05-29T00:01:09.533,12683108,1032432.0,1032956.0,0.5451,0.0245,1706.69492901,1930.23421693,1032749.0,120436.28573187,6149.59368286
BTC_JPY,2020-05-29T00:01:14.297,12683189,1032235.0,1032955.0,0.04,0.01,1706.31982901,1930.54156312,1032235.0,120432.272702,6149.64368286
BTC_JPY,2020-05-29T00:01:19.043,12683333,1032247.0,1032956.0,0.04,0.0245,1696.81254352,1930.17059706,1032543.0,120445.91028093,6149.65368286
BTC_JPY,2020-05-29T00:01:24.737,12683437,1032452.0,1032955.0,0.32,0.01,1701.61008578,1930.25979706,1032956.0,120449.58848858,6149.66328286
BTC_JPY,2020-05-29T00:01:29.433,12683538,1032745.0,1033094.0,0.6354,0.001,1700.06896339,1929.32946774,1033000.0,120430.03892192,6149.06088486
BTC_JPY,2020-05-29T00:01:34.143,12683685,1032762.0,1033500.0,0.04,0.02,1699.73816352,1927.49938787,1033162.0,120443.91103203,6149.19188486
BTC_JPY,2020-05-29T00:01:38.983,12683829,1033672.0,1034100.0,0.5242,2.52,1698.57916352,1944.24822913,1034000.0,120457.14543347,6149.6058849
BTC_JPY,2020-05-29T00:01:44.26,12684030,1033162.0,1034079.0,0.04,0.3172,1699.77841066,1949.40350812,1033299.0,120460.90818409,6151.3358849
BTC_JPY,2020-05-29T00:01:49.413,12684226,1033177.0,1034083.0,0.15,0.46,1701.72421066,1950.50747162,1033888.0,120456.4341723,6151.2568849
BTC_JPY,2020-05-29T00:01:54.387,12684418,1033013.0,1034053.0,0.30000013,0.097,1700.89666352,1951.51596167,1033299.0,120462.59363824,6151.2568849
BTC_JPY,2020-05-29T00:01:59.233,12684632,1032563.0,1033455.0,0.3672,0.5202,1697.56446353,1952.8351633,1032882.0,120478.64650899,6150.8450849
BTC_JPY,2020-05-29T00:02:04.463,12684816,1032591.0,1033424.0,0.11,0.1536,1701.4338636,1952.64462616,1032882.0,120480.27008691,6150.8450849
BTC_JPY,2020-05-29T00:02:09.737,12685017,1032808.0,1033490.0,0.11,0.42206424,1680.3314692,1952.40442602,1033490.0,120458.2520311,6150.99762066
BTC_JPY,2020-05-29T00:02:13.7,12685132,1032904.0,1033489.0,0.11,0.1,1701.30596907,1952.7886904,1033490.0,120431.88112436,6149.06082414
BTC_JPY,2020-05-29T00:02:19.483,12685271,1033491.0,1033883.0,0.1,0.4013,1704.31953816,1956.15063611,1033895.0,120427.99245759,6148.58382414
BTC_JPY,2020-05-29T00:02:24.433,12685375,1033148.0,1033637.0,0.11,0.003,1703.71913802,1956.7982807,1033490.0,120421.30202578,6149.16294923
BTC_JPY,2020-05-29T00:05:08.89,12689140,1032270.0,1032500.0,2.11,0.349,1696.40031446,1960.62428712,1032500.0,120482.75977161,6152.45958596
BTC_JPY,2020-05-29T00:05:14.883,12689213,1032270.0,1032500.0,2.09843002,0.269984,1696.98434448,1960.88104112,1032500.0,120485.07971097,6152.54017194
BTC_JPY,2020-05-29T00:05:19.017,12689240,1032270.0,1032500.0,2.09843002,0.29998400000000003,1699.92034448,1960.30104112,1032500.0,120484.30950829,6152.54017194
BTC_JPY,2020-05-29T00:05:22.63,12689259,1032270.0,1032500.0,2.09843002,0.29998400000000003,1702.48034448,1960.90104112,1032500.0,120484.48753818,6152.53017194
BTC_JPY,2020-05-29T00:05:29.407,12689308,1032271.0,1032550.0,0.5311,1.0,1701.0322852000006,1962.34097622,1032500.0,120488.2192139,6152.83015594
BTC_JPY,2020-05-29T00:05:33.85,12689381,1032272.0,1032620.0,0.5985,1.0,1704.91866238,1960.50455503,1032500.0,120493.14789193,6155.78795593
BTC_JPY,2020-05-29T00:05:39.037,12689495,1032271.0,1032905.0,0.1,0.32,1703.74419344,1960.48979609,1032500.0,120511.51456939,6155.78795593
BTC_JPY,2020-05-29T00:05:44.423,12689594,1032270.0,1032499.0,0.32578651,0.2731,1702.64822918,1962.3131734,1032500.0,120514.07915929,6158.38059944
BTC_JPY,2020-05-29T00:05:49.433,12689620,1032270.0,1032499.0,0.32578651,0.2631,1702.90645006,1963.2570334000002,1032499.0,120500.96281245,6152.64622288
BTC_JPY,2020-05-29T00:05:54.653,12689783,1032121.0,1032491.0,0.023008,0.124,1695.22523841,1960.02659621,1032121.0,120527.90484467,6164.09286521
BTC_JPY,2020-05-29T00:05:59.27,12689916,1031657.0,1032289.0,0.3683,0.5853,1699.07551301,1957.24644568,1032289.0,120533.15345224,6164.14486521
BTC_JPY,2020-05-29T00:06:04.363,12690002,1031710.0,1032488.0,0.102,0.5856,1701.41501301,1959.24634568,1032488.0,120538.31558605,6164.64486521
BTC_JPY,2020-05-29T00:06:08.513,12690093,1031758.0,1032488.0,0.5761,0.5104,1700.40341301,1964.56574567,1031707.0,120538.48873576,6165.64486521
BTC_JPY,2020-05-29T00:06:14.19,12690232,1031731.0,1032459.0,0.05,0.6685,1700.10946355,1965.33006565,1032290.0,120548.02369326,6165.57286521
BTC_JPY,2020-05-29T00:06:18.58,12690350,1031732.0,1032488.0,0.5685,0.3,1703.06283506,1963.26884566,1032290.0,120561.34630657,6165.57286521
BTC_JPY,2020-05-29T00:06:23.723,12690444,1031730.0,1032462.0,0.02,0.218,1705.37433506,1963.92109565,1032290.0,120558.15932062,6165.57286521
BTC_JPY,2020-05-29T00:06:28.93,12690560,1031811.0,1032460.0,0.32,0.5685,1703.26326355,1963.8711177,1032290.0,120552.62830685,6165.46200866
BTC_JPY,2020-05-29T00:06:33.637,12690648,1031811.0,1032487.0,0.22,0.6648,1703.25803506,1964.14441769,1031811.0,120552.50569104,6165.56200866
BTC_JPY,2020-05-29T00:06:39.11,12690839,1031290.0,1031769.0,0.1,0.5648,1701.38223575,1959.84431851,1031500.0,120585.24382565,6165.57200866
BTC_JPY,2020-05-29T00:06:44.12,12690959,1031291.0,1031739.0,0.3771,0.40000013,1701.40333575,1962.36099619,1031500.0,120598.61976516,6165.57200866
BTC_JPY,2020-05-29T00:06:49.013,12691095,1031290.0,1031870.0,0.1,0.5648,1700.70903575,1964.88815851,1031500.0,120619.86868177,6165.57200866
BTC_JPY,2020-05-29T00:06:54.817,12691234,1031290.0,1031738.0,0.1,0.88,1702.25523588,1966.71702849,1031500.0,120613.83024832,6165.57200866
BTC_JPY,2020-05-29T00:06:58.71,12691325,1031290.0,1031789.0,0.1,0.5648,1701.96523588,1965.05866849,1031500.0,120610.07438171,6165.37600866
BTC_JPY,2020-05-29T00:07:03.88,12691505,1030290.0,1030928.0,0.08510499,0.26999999,1692.94966854,1967.45195853,1030290.0,120600.32258574,6165.28602564
BTC_JPY,2020-05-29T00:07:09.137,12691676,1030141.0,1030795.0,0.1,0.2,1692.96539738,1965.67329604,1030290.0,120596.32998291,6165.28602564
BTC_JPY,2020-05-29T00:07:14.22,12691826,1030141.0,1030645.0,0.1,0.2,1696.96866355,1967.48373014,1030290.0,120605.73503745,6164.44302564
BTC_JPY,2020-05-29T00:07:18.687,12691987,1029740.0,1029816.0,3.4,0.38745206,1694.13450057,1966.76929826,1030000.0,120602.14906012,6165.52402574
BTC_JPY,2020-05-29T00:07:24.147,12692105,1029500.0,1029740.0,0.01,0.02144549,1696.18020044,1966.71724374,1029548.0,120616.64976037,6165.75202574
BTC_JPY,2020-05-29T00:10:08.957,12695552,1029209.0,1029723.0,0.1,0.018000000000000002,1701.93638926,1971.00837366,1029723.0,120793.91148289,6175.64461721
BTC_JPY,2020-05-29T00:10:14.37,12695665,1029237.0,1029851.0,0.1,0.1,1702.31208926,1971.32577366,1029723.0,120794.66248222,6175.64461721
BTC_JPY,2020-05-29T00:10:19.48,12695742,1029263.0,1029851.0,0.1,0.1,1702.69763861,1971.32577366,1029723.0,120792.76807004,6174.46301159
BTC_JPY,2020-05-29T00:10:24.14,12695819,1029157.0,1029807.0,1.0,0.6893,1702.15668927,1972.67500366,1029723.0,120795.18364902,6174.46301159
BTC_JPY,2020-05-29T00:10:28.783,12695909,1029157.0,1029723.0,1.0,2.375,1701.37508926,1974.93170366,1029723.0,120792.45733242,6174.46301159
BTC_JPY,2020-05-29T00:10:33.923,12696012,1029157.0,1029705.0,1.0,0.3739,1700.65963862,1974.58060723,1029721.0,120798.15519546,6174.66301159
BTC_JPY,2020-05-29T00:10:38.977,12696125,1029157.0,1029649.0,1.0,0.5874,1699.43617284,1976.31690723,1029721.0,120805.72941377,6174.65301159
BTC_JPY,2020-05-29T00:10:44.557,12696255,1029157.0,1029585.0,1.0,0.5874,1697.80627284,1973.05228723,1029721.0,120806.82641202,6174.65301159
BTC_JPY,2020-05-29T00:10:49.36,12696357,1029157.0,1029185.0,0.98841904,0.02,1701.23469188,1975.40478723,1029157.0,120804.5762046,6174.66459255
BTC_JPY,2020-05-29T00:10:54.143,12696438,1028991.0,1029155.0,0.0601,0.5953,1699.90127271,1977.74848819,1029157.0,120801.19409751,6175.43612922
BTC_JPY,2020-05-29T00:10:58.993,12696542,1028749.0,1029151.0,1.0,0.5953,1700.23735222,1980.06233745,1028991.0,120804.24329867,6175.47622922
BTC_JPY,2020-05-29T00:11:04.76,12696634,1028750.0,1029154.0,0.1,0.2,1698.68225223,1980.52976758,1028991.0,120801.74930051,6175.45622922
BTC_JPY,2020-05-29T00:11:09.3,12696705,1028750.0,1029156.0,0.08,0.5953,1695.2374893,1979.00370478,1029157.0,120802.56300532,6175.60222922
BTC_JPY,2020-05-29T00:11:14.207,12696749,1028750.0,1028991.0,0.08,0.01,1697.70228943,1978.00440389,1029157.0,120801.77625426,6175.44122922
BTC_JPY,2020-05-29T00:11:19.797,12696827,1028749.0,1029145.0,0.7,0.5904,1695.17425223,1980.42420402,1029145.0,120804.1298589,6175.83222922
BTC_JPY,2020-05-29T00:11:24.407,12696905,1028749.0,1029120.0,0.6,0.19,1698.77618905,1979.92156029,1028749.0,120804.1568589,6175.93322922
BTC_JPY,2020-05-29T00:11:29.233,12696962,1028749.0,1028991.0,0.6,0.04,1697.74062795,1978.56178016,1028749.0,120806.12857992,6175.93322922
BTC_JPY,2020-05-29T00:11:33.563,12697006,1028749.0,1028991.0,0.59,0.04,1700.66778384,1979.39315029,1028749.0,120795.83954062,6175.94322922
BTC_JPY,2020-05-29T00:11:39.713,12697098,1028749.0,1028991.0,0.59,0.04,1701.19257752,1979.44776016,1028749.0,120786.54972719,6175.94322922
BTC_JPY,2020-05-29T00:11:43.923,12697144,1028749.0,1028991.0,0.58,0.04,1701.54678384,1978.59358029,1028749.0,120782.00084427,6175.76322922
BTC_JPY,2020-05-29T00:11:49.057,12697172,1028749.0,1029156.0,0.58,0.1,1696.57208384,1978.42061384,1028991.0,120779.9186936,6175.80322922
BTC_JPY,2020-05-29T00:11:54.783,12697211,1028761.0,1029100.0,0.1,0.1,1698.92299099,1978.92172714,1028991.0,120782.49819237,6175.80322922
BTC_JPY,2020-05-29T00:11:59.05,12697239,1028761.0,1029100.0,0.1,0.1,1697.93099112,1979.31009075,1028991.0,120784.03429928,6175.80322922
BTC_JPY,2020-05-29T00:12:04.107,12697285,1028787.0,1029100.0,0.05,0.1,1701.28687751,1978.73987714,1028991.0,120789.19439312,6175.80322922
BTC_JPY,2020-05-29T00:12:08.487,12697309,1028811.0,1029100.0,0.05,0.1,1700.94099112,1979.13499075,1028991.0,120792.74499312,6175.80322922
BTC_JPY,2020-05-29T00:12:13.467,12697349,1028800.0,1029100.0,0.05,0.1,1701.17999112,1979.47799075,1028991.0,120791.60831779,6175.80322922
BTC_JPY,2020-05-29T00:12:19.447,12697381,1028810.0,1029156.0,0.1,0.2,1700.86387738,1978.13848375,1029100.0,120790.56365745,6175.67322922
BTC_JPY,2020-05-29T00:12:24.087,12697426,1028835.0,1029157.0,0.5746,1.49844761,1701.78254926,1977.18815866,1029157.0,120802.57914149,6176.28736257
BTC_JPY,2020-05-29T00:15:09.463,12700121,1030130.0,1030290.0,0.26999999,1.0,1710.03782883,1968.61962913,1030199.0,120814.91997038,6182.4157594
BTC_JPY,2020-05-29T00:15:14.047,12700206,1030290.0,1030500.0,0.01,0.03,1711.50632894,1969.65936913,1030290.0,120818.74100295,6182.4257594
BTC_JPY,2020-05-29T00:15:19.25,12700282,1030290.0,1030500.0,0.01,0.03,1711.21529417,1969.00050436,1030290.0,120812.86100295,6182.4257594
BTC_JPY,2020-05-29T00:15:23.44,12700327,1030161.0,1030199.0,0.26999999,2.84679999,1710.90879403,1971.09235435,1030199.0,120819.86003129,6184.73995941
BTC_JPY,2020-05-29T00:15:29.427,12700407,1030174.0,1030724.0,0.5376,0.15,1712.08154128,1964.9973714999999,1030199.0,120804.08755678,6187.2967604
BTC_JPY,2020-05-29T00:15:34.507,12700518,1030291.0,1030716.0,0.5363,0.15,1711.17924141,1968.61530137,1030293.0,120801.17971678,6187.4967603999985
BTC_JPY,2020-05-29T00:15:39.203,12700615,1030291.0,1030706.0,0.1,0.15,1711.65590549,1970.25125137,1030293.0,120796.10436861,6187.4967603999985
BTC_JPY,2020-05-29T00:15:44.927,12700677,1030290.0,1030695.0,0.4,0.1,1711.34280549,1970.8347015000002,1030290.0,120796.17069235,6188.196760399999
BTC_JPY,2020-05-29T00:15:49.54,12700763,1030304.0,1030722.0,0.1,0.05,1711.91550536,1971.7501715,1030290.0,120794.77661271,6188.196760399999
BTC_JPY,2020-05-29T00:15:54.78,12700842,1030315.0,1030721.0,0.5396,0.05,1712.75510549,1971.3195015000001,1030290.0,120793.78177203,6186.383360399999
BTC_JPY,2020-05-29T00:15:58.71,12700882,1030331.0,1030724.0,0.5396,0.01,1712.55510549,1970.8039015000002,1030290.0,120769.86831715,6186.383360399999
BTC_JPY,2020-05-29T00:16:04.083,12700976,1030291.0,1030724.0,0.5434,0.01,1711.72090551,1971.3919015000001,1030331.0,120766.34505399,6186.846860399999
BTC_JPY,2020-05-29T00:16:08.99,12701035,1030344.0,1030724.0,0.5434,0.01,1706.98389101,1971.31065106,1030303.0,120765.60222241,6186.8668603999995
BTC_JPY,2020-05-29T00:16:13.79,12701127,1030331.0,1030724.0,0.4,0.01,1706.62389101,1969.33085106,1030334.0,120755.77988877,6187.0668603999975
BTC_JPY,2020-05-29T00:16:18.957,12701208,1030332.0,1030724.0,0.5366,0.01,1709.15709103,1971.37616106,1030334.0,120749.74424569,6187.0668603999975
BTC_JPY,2020-05-29T00:16:24.59,12701284,1030343.0,1030724.0,0.1,0.01,1710.27649104,1971.50502106,1030334.0,120754.79400802,6187.0668603999975
BTC_JPY,2020-05-29T00:16:29.347,12701376,1029648.0,1030667.0,0.4296,0.03,1703.6436386,1973.31092991,1030000.0,120766.48531719,6188.1488604
BTC_JPY,2020-05-29T00:16:34.327,12701566,1029414.0,1029739.0,0.3356,0.15,1702.56733859,1974.64197745,1029500.0,120773.54684271,6187.85886027
BTC_JPY,2020-05-29T00:16:38.863,12701646,1029414.0,1029725.0,0.3356,0.05,1705.9404697999994,1977.33826886,1029500.0,120752.70219938,6187.38126119
BTC_JPY,2020-05-29T00:16:43.977,12701722,1029415.0,1029859.0,0.5367,0.25,1708.7451408,1976.87986886,1029811.0,120749.25370755,6187.50590019
BTC_JPY,2020-05-29T00:16:49.047,12701828,1029500.0,1029828.0,0.05,0.2,1707.50470841,1976.67983647,1029846.0,120728.61677119,6187.66590019
BTC_JPY,2020-05-29T00:16:53.477,12701894,1029500.0,1029813.0,0.03,0.15,1707.06970841,1976.47114647,1029720.0,120715.03457593,6185.38474164
BTC_JPY,2020-05-29T00:16:58.747,12701968,1029500.0,1029823.0,0.03,0.2,1708.29740841,1976.60435647,1029720.0,120702.79726651,6185.01474164
BTC_JPY,2020-05-29T00:17:04.76,12702049,1029500.0,1029835.0,0.03,0.2,1708.76661972,1976.26488467,1029720.0,120692.96419038,6184.38774164
BTC_JPY,2020-05-29T00:17:09.053,12702081,1029500.0,1029814.0,0.03,0.0475,1709.63056674,1975.62243752,1029720.0,120684.98606009,6184.38774164
BTC_JPY,2020-05-29T00:17:14.633,12702141,1029414.0,1029415.0,0.316571,0.94547,1708.89858346,1979.22425467,1029415.0,120685.00589404,6184.48344164
BTC_JPY,2020-05-29T00:17:19.493,12702204,1029304.0,1029414.0,0.05,0.62342901,1709.84727659,1979.28323666,1029414.0,120685.96648561,6184.86001263
BTC_JPY,2020-05-29T00:17:24.513,12702258,1029305.0,1029414.0,0.05,0.62342901,1708.24301272,1978.99730079,1029414.0,120686.25830461,6184.86001263
BTC_JPY,2020-05-29T00:20:08.61,12705907,1027851.0,1028555.0,0.1,0.05,1697.41765273,1984.17846966,1028000.0,120782.05975181,6189.04139818
BTC_JPY,2020-05-29T00:20:11.473,12705978,1028000.0,1028549.0,1.65013996,0.1,1695.72759281,1984.66486966,1028000.0,120793.00509966,6194.89125822
BTC_JPY,2020-05-29T00:20:19.853,12706108,1028000.0,1028555.0,1.65013996,0.05,1699.14456124,1983.44315929,1028549.0,120795.54441802,6194.83985822
BTC_JPY,2020-05-29T00:20:24.603,12706138,1028000.0,1028337.0,1.65013996,1.16,1700.26466124,1984.02404903,1028549.0,120794.5505099,6194.51035722
BTC_JPY,2020-05-29T00:20:29.323,12706243,1028156.0,1028791.0,0.1,0.31,1700.41566111,1981.01103337,1028337.0,120797.26969863,6195.67035722
BTC_JPY,2020-05-29T00:20:34.417,12706391,1028082.0,1028837.0,0.5765,0.5765,1700.58776557,1983.2827391,1028337.0,120798.44398247,6195.67035722
BTC_JPY,2020-05-29T00:20:39.037,12706515,1028024.0,1028815.0,0.1,0.7265,1701.66267143,1984.0942435,1028337.0,120795.16856936,6195.67035722
BTC_JPY,2020-05-29T00:20:44.463,12706634,1028036.0,1028548.0,0.1,0.099,1701.3711657,1983.20603337,1028337.0,120785.81548043,6195.65035922
BTC_JPY,2020-05-29T00:20:49.497,12706735,1028000.0,1028539.0,1.65013996,0.5765,1702.64116557,1984.93435985,1028544.0,120788.25177866,6195.68445922
BTC_JPY,2020-05-29T00:20:53.5,12706839,1028000.0,1028525.0,1.65013996,1.0,1697.90426584,1984.52645985,1028544.0,120805.32528712,6195.68445922
BTC_JPY,2020-05-29T00:20:59.507,12706968,1028000.0,1028334.0,0.15013931,1.31,1698.83869995,1985.0792535,1028000.0,120815.69302410002,6197.18445987
BTC_JPY,2020-05-29T00:21:04.017,12707027,1028000.0,1028329.0,0.15013931,0.05,1699.33169994,1985.05921852,1028000.0,120817.10640704,6193.27445987
BTC_JPY,2020-05-29T00:21:09.297,12707153,1027691.0,1028293.0,0.2363,1.0,1699.43986063,1980.82156852,1028000.0,120821.91150807,6193.92459918
BTC_JPY,2020-05-29T00:21:13.873,12707266,1028000.0,1028256.0,1.0,1.0,1700.77356075,1982.0504335,1027691.0,120819.29637279,6193.93111618
BTC_JPY,2020-05-29T00:21:18.513,12707370,1027931.0,1028337.0,0.1,1.0,1700.37656074,1984.31008355,1027920.0,120831.97579029,6196.07025817
BTC_JPY,2020-05-29T00:21:24.273,12707463,1027702.0,1028328.0,0.1,0.31,1698.49259132,1983.71586426,1027931.0,120839.89286148,6195.60490761
BTC_JPY,2020-05-29T00:21:29.213,12707528,1027702.0,1028337.0,0.1,1.0,1699.2655871,1982.53561853,1027920.0,120835.43836434,6195.61280761
BTC_JPY,2020-05-29T00:21:34.4,12707601,1027702.0,1028331.0,0.12,0.5975,1698.75102558,1984.25381426,1027920.0,120835.40733938,6195.61280761
BTC_JPY,2020-05-29T00:21:39.527,12707684,1027714.0,1028326.0,0.1,0.03,1699.5855912999998,1984.61680426,1027920.0,120837.67702915,6195.61280761
BTC_JPY,2020-05-29T00:21:44.047,12707741,1027702.0,1028326.0,0.02,0.03,1698.18402558,1982.37937853,1027920.0,120835.83332551,6195.18698209
BTC_JPY,2020-05-29T00:21:49.643,12707857,1028027.0,1028500.0,0.05,0.001,1703.03779129,1983.24435426,1028337.0,120847.1071805,6196.01698209
BTC_JPY,2020-05-29T00:21:54,12707941,1028052.0,1028548.0,0.1,0.0117,1702.76116656,1982.83261426,1028337.0,120854.09068913,6196.01698209
BTC_JPY,2020-05-29T00:21:59.083,12707998,1028011.0,1028337.0,0.1,0.3775,1699.61616644,1982.72421853,1028337.0,120863.18539726,6196.01698209
BTC_JPY,2020-05-29T00:22:04.723,12708078,1028012.0,1028337.0,0.05,0.3775,1699.12069737,1982.57814933,1028011.0,120866.07874726,6195.97698209
BTC_JPY,2020-05-29T00:22:09.327,12708112,1028023.0,1028337.0,0.1,0.17,1702.33069737,1982.81911853,1028011.0,120868.56655743,6195.68915717
BTC_JPY,2020-05-29T00:22:14.123,12708178,1028011.0,1028337.0,0.1,0.17,1702.83369737,1991.71788933,1028011.0,120869.33639491,6195.68915717
BTC_JPY,2020-05-29T00:22:19.14,12708220,1028011.0,1028337.0,0.1,0.17,1704.35369725,1985.61806853,1028011.0,120873.17819826,6195.66855717
BTC_JPY,2020-05-29T00:22:24.75,12708287,1027901.0,1028337.0,0.1,0.17,1704.7337606,1989.10933803,1028000.0,120874.20599291,6195.43709818
BTC_JPY,2020-05-29T00:25:09.893,12710536,1027001.0,1027528.0,0.6039,0.2,1697.3863579,2003.57562298,1027044.0,120909.36645047,6197.76640015
BTC_JPY,2020-05-29T00:25:14.257,12710633,1027000.0,1027515.0,0.012969999999999999,0.3,1697.09435789,2003.28345311,1027044.0,120911.00906011,6197.67740015
BTC_JPY,2020-05-29T00:25:19.037,12710786,1027336.0,1027893.0,0.5969,0.1098,1698.04713539,2000.93100048,1027623.0,120928.37347968,6198.54520411
BTC_JPY,2020-05-29T00:25:24.447,12710886,1027338.0,1027891.0,0.1,0.05,1697.57621248,1999.60252769,1027623.0,120936.58204228,6198.54520411
BTC_JPY,2020-05-29T00:25:29.187,12710990,1027196.0,1027623.0,0.1,0.1,1697.79431246,2000.43651769,1027623.0,120936.68574228,6198.52520411
BTC_JPY,2020-05-29T00:25:34.097,12711115,1027417.0,1028000.0,0.32,0.1,1698.39655561,1999.20307769,1027623.0,120940.93629215,6198.61265411
BTC_JPY,2020-05-29T00:25:38.813,12711217,1027419.0,1028000.0,0.1,0.38,1698.64232622,1999.77219769,1027623.0,120952.89117368,6198.61265411
BTC_JPY,2020-05-29T00:25:44.267,12711346,1027552.0,1028000.0,0.693,0.38,1699.33532634,1999.70919769,1027623.0,120951.34224208,6197.17395199
BTC_JPY,2020-05-29T00:25:49.247,12711459,1027207.0,1027998.0,0.32,0.5901,1698.0625695,2000.20505769,1028000.0,120935.65873395,6197.37808812
BTC_JPY,2020-05-29T00:25:54.907,12711585,1027240.0,1028011.0,0.32,4.41,1697.98018158,1998.05003071,1028000.0,120930.58297929,6196.84505882
BTC_JPY,2020-05-29T00:25:59.013,12711670,1027248.0,1028011.0,0.6067,4.21,1696.87187735,1998.59557857,1028011.0,120920.99574509,6197.04505882
BTC_JPY,2020-05-29T00:26:04.453,12711796,1027254.0,1028011.0,0.8067,4.21,1696.39787734,1996.2601287,1028011.0,120915.98055929,6196.03505882
BTC_JPY,2020-05-29T00:26:08.497,12711854,1027818.0,1028011.0,0.32,4.1080000000000005,1698.99926948,1998.7360287000001,1028011.0,120919.67388322,6196.11705882
BTC_JPY,2020-05-29T00:26:14.207,12711880,1027818.0,1028011.0,0.42,4.123,1699.17487734,1998.8085187,1028011.0,120919.0973486,6196.12405882
BTC_JPY,2020-05-29T00:26:17.813,12711910,1027818.0,1028011.0,0.1,4.123,1699.19187734,1998.4445587,1028011.0,120917.47335306,6196.12405882
BTC_JPY,2020-05-29T00:26:24.347,12711948,1027818.0,1028011.0,0.1,4.123,1698.28726935,1998.4980287,1028011.0,120917.38835306,6196.12405882
BTC_JPY,2020-05-29T00:26:29.407,12712002,1027818.0,1028011.0,0.1,3.9530000000000003,1698.83456948,1997.8573087000002,1028011.0,120915.68571938,6195.99405882
BTC_JPY,2020-05-29T00:26:34.69,12712027,1027818.0,1028011.0,0.1,4.003,1698.56856936,1994.3328087000002,1028011.0,120908.80176262,6195.99405882
BTC_JPY,2020-05-29T00:26:39.787,12712092,1027818.0,1028011.0,0.1,3.233,1698.77957736,1994.2958087000002,1028011.0,120912.86055021,6196.76405882
BTC_JPY,2020-05-29T00:26:44.233,12712117,1027818.0,1028011.0,0.1,3.333,1697.75957737,1994.18120084,1028011.0,120914.28971349,6196.76405882
BTC_JPY,2020-05-29T00:26:49.147,12712199,1027657.0,1028011.0,0.05,3.333,1695.53167724,1995.2315287000001,1028011.0,120906.23900501,6196.76405882
BTC_JPY,2020-05-29T00:26:53.84,12712246,1028000.0,1028011.0,0.05,3.333,1698.27227737,1990.32508084,1028011.0,120909.02556976,6196.76405882
BTC_JPY,2020-05-29T00:26:59.457,12712303,1028000.0,1028011.0,0.05,3.333,1697.84766951,1995.51120857,1028011.0,120907.67481887,6196.75405882
BTC_JPY,2020-05-29T00:27:03.84,12712407,1028040.0,1028335.0,0.31,0.001,1697.24306952,1985.5195287000001,1028040.0,120919.44894271,6200.06705882
BTC_JPY,2020-05-29T00:27:10.29,12712491,1028000.0,1028311.0,0.05,0.5901,1698.78256625,1993.06640757,1028040.0,120924.83394271,6200.06705882
BTC_JPY,2020-05-29T00:27:14.23,12712579,1028000.0,1028335.0,0.05,0.001,1699.35206952,1985.97171757,1028040.0,120928.11755694,6200.06705882
BTC_JPY,2020-05-29T00:27:18.9,12712764,1029341.0,1029356.0,0.13000013,0.95,1700.42978975,1972.16616388,1029356.0,120948.20232173,6212.86482335
BTC_JPY,2020-05-29T00:27:23.873,12712917,1028851.0,1029343.0,0.1,0.1,1699.97422416,1979.68692388,1028932.0,120959.11967002,6214.46152361
BTC_JPY,2020-05-29T00:30:09.593,12715856,1028584.0,1029615.0,0.2,0.102,1695.02970593,1971.23321556,1029355.0,121012.4253709,6219.40094408
BTC_JPY,2020-05-29T00:30:13.877,12716002,1028851.0,1029364.0,0.1,0.6475,1694.58510974,1974.94276382,1029355.0,121024.63647967,6218.75094382
BTC_JPY,2020-05-29T00:30:19.557,12716154,1028301.0,1029282.0,1.0,0.03,1697.04270974,1974.45018381,1028851.0,121041.10251139,6218.85094382
BTC_JPY,2020-05-29T00:30:23.75,12716249,1028355.0,1029210.0,0.1,0.15,1696.20490961,1975.0595795,1028851.0,121052.62672275,6218.56794382
BTC_JPY,2020-05-29T00:30:28.883,12716355,1028409.0,1029172.0,1.0,0.2,1696.85615019,1976.06372689,1028851.0,121070.75539764,6218.51994382
BTC_JPY,2020-05-29T00:30:33.997,12716530,1028270.0,1028522.0,0.77022431,0.32,1694.37639718,1977.2071697,1028270.0,121084.55135104,6219.64971951
BTC_JPY,2020-05-29T00:30:39.243,12716612,1028072.0,1028633.0,0.26999999,0.6546,1693.136573,1977.3305697,1028270.0,121089.01914234,6220.14971951
BTC_JPY,2020-05-29T00:30:44.607,12716741,1028091.0,1028835.0,0.52,0.32,1694.03997299,1974.44779958,1028270.0,121099.1555941,6220.04971951
BTC_JPY,2020-05-29T00:30:49.06,12716881,1028075.0,1028805.0,0.6546,0.16,1693.290373,1975.4392697,1028270.0,121107.68480597,6219.08471951
BTC_JPY,2020-05-29T00:30:54.34,12717008,1028163.0,1029132.0,0.7392,0.31,1693.995373,1976.62118368,1029000.0,121110.55228579,6221.13471951
BTC_JPY,2020-05-29T00:30:59.203,12717150,1028364.0,1029090.0,0.6422,0.15,1694.097373,1977.7468298,1029000.0,121119.39355667,6221.13471951
BTC_JPY,2020-05-29T00:31:03.567,12717327,1028347.0,1028900.0,0.32,1.1,1693.65889309,1976.90015967,1029000.0,121119.10505081,6220.93471951
BTC_JPY,2020-05-29T00:31:09,12717471,1028270.0,1028894.0,0.1,0.6922,1692.89601698,1977.89088382,1029000.0,121126.10466331,6220.93471951
BTC_JPY,2020-05-29T00:31:14.17,12717616,1028287.0,1028900.0,0.099,1.1,1691.85879297,1975.37198382,1029000.0,121110.54132524,6218.31471951
BTC_JPY,2020-05-29T00:31:18.767,12717783,1028918.0,1029282.0,0.1,0.002,1694.6754930999994,1973.04843382,1029000.0,121115.79575874,6218.65121753
BTC_JPY,2020-05-29T00:31:24.043,12717956,1029402.0,1029851.0,0.1,0.1,1694.84238507,1972.99215178,1029500.0,121120.76922273,6218.98121753
BTC_JPY,2020-05-29T00:31:28.937,12718061,1029317.0,1029850.0,0.1,0.6552,1693.94930161,1973.8331828,1029500.0,121107.82072572,6218.03373753
BTC_JPY,2020-05-29T00:31:34.74,12718244,1028556.0,1029428.0,0.096,0.6505,1693.67631698,1977.12683417,1028805.0,121123.14491761,6218.77373753
BTC_JPY,2020-05-29T00:31:39.4,12718405,1028610.0,1029463.0,0.1,0.6505,1694.58364112,1975.22743382,1028805.0,121126.83419063,6218.77373753
BTC_JPY,2020-05-29T00:31:43.837,12718592,1028992.0,1029719.0,0.102,0.2,1694.17599039,1976.53722452,1028805.0,121147.59210184,6218.26952118
BTC_JPY,2020-05-29T00:31:49.967,12718777,1028617.0,1029432.0,0.26999999,0.1,1693.47699039,1981.74818452,1028805.0,121152.72797993,6218.16952118
BTC_JPY,2020-05-29T00:31:53.75,12718880,1028619.0,1029195.0,0.099,0.1,1694.1707410999998,1982.37111382,1028805.0,121138.176535,6218.16952118
BTC_JPY,2020-05-29T00:31:59.863,12719013,1028619.0,1029391.0,0.099,0.1,1697.8099410999994,1982.44300439,1028805.0,121134.02697212,6218.06752118
BTC_JPY,2020-05-29T00:32:04.33,12719073,1028619.0,1029353.0,0.099,0.6505,1699.3899410999998,1983.42336453,1028805.0,121130.49899232,6217.11752118
BTC_JPY,2020-05-29T00:32:09.42,12719173,1028603.0,1029460.0,0.1,0.6406,1699.1213411,1983.88725453,1028592.0,121125.08556451,6217.51752118
BTC_JPY,2020-05-29T00:32:14.12,12719289,1028603.0,1029463.0,0.1,0.1,1706.15042277,1983.78187489,1028592.0,121123.44273414,6217.51752118
BTC_JPY,2020-05-29T00:32:19.75,12719442,1028592.0,1029408.0,0.24099998,0.30000013,1705.62299039,1982.99090251,1028603.0,121127.07015502,6217.42752118
BTC_JPY,2020-05-29T00:32:23.847,12719515,1028592.0,1029357.0,0.24099998,0.1,1705.77071842,1984.46069067,1028603.0,121123.7595928,6217.23752118
BTC_JPY,2020-05-29T00:35:10.843,12724067,1030974.0,1032000.0,0.778,5.29379999,1707.02003644,1979.12083496,1032000.0,121531.72302131,6242.7948054
BTC_JPY,2020-05-29T00:35:11.38,12724086,1031637.0,1032000.0,0.32,5.29379999,1705.77883631,1979.09083482,1032000.0,121531.72302131,6242.7948054
BTC_JPY,2020-05-29T00:35:19.17,12724233,1031747.0,1032391.0,0.7,0.041069999999999995,1704.30512034,1977.04288532,1032000.0,121549.32749242,6252.63063069
BTC_JPY,2020-05-29T00:35:23.99,12724345,1031770.0,1032454.0,0.30000013,0.040510000000000004,1706.47099052,1978.44917632,1031771.0,121569.69385268,6253.93163069
BTC_JPY,2020-05-29T00:35:29.007,12724473,1031781.0,1032430.0,0.1329,0.1,1704.5010075999999,1976.16651545,1031771.0,121572.43129823,6255.14331798
BTC_JPY,2020-05-29T00:35:34.227,12724616,1032085.0,1032470.0,0.50000013,0.5033,1709.60159052,1978.50543528,1032084.0,121609.25099187,6255.67331798
BTC_JPY,2020-05-29T00:35:39.923,12724726,1031825.0,1032465.0,0.02,0.1,1708.65989052,1976.08114545,1032470.0,121611.63575541,6256.17431798
BTC_JPY,2020-05-29T00:35:44.127,12724818,1031490.0,1032083.0,1.0,0.05,1707.2619903999994,1979.589149,1031761.0,121614.15320176,6256.49431798
BTC_JPY,2020-05-29T00:35:49.697,12724990,1031284.0,1032083.0,0.05,0.05,1707.96308321,1978.69411545,1031761.0,121626.78805339999,6256.49431798
BTC_JPY,2020-05-29T00:35:54.133,12725093,1031339.0,1032082.0,0.6267,0.3436,1704.74519406,1979.77893909,1031761.0,121631.52446138,6256.49431798
BTC_JPY,2020-05-29T00:35:59.36,12725220,1031366.0,1032410.0,0.1,0.32,1704.10489405,1979.25161909,1032252.0,121628.63806568,6257.24431798
BTC_JPY,2020-05-29T00:36:03.8,12725371,1031551.0,1032470.0,0.098,0.0999,1685.61109613,1973.44585482,1032252.0,121628.69603665,6257.04431798
BTC_JPY,2020-05-29T00:36:09.34,12725520,1033000.0,1033149.0,1.0,0.001,1706.81688391,1964.26949852,1032797.0,121690.03592806,6266.16645171
BTC_JPY,2020-05-29T00:36:13.95,12725590,1032881.0,1033149.0,0.7301,0.001,1706.38809476,1964.01968402,1033000.0,121715.24125369999,6267.16645171
BTC_JPY,2020-05-29T00:36:18.79,12725678,1032801.0,1033179.0,0.2,0.1,1705.71249476,1968.2426408,1033190.0,121726.84460477,6268.80265459
BTC_JPY,2020-05-29T00:36:24.157,12725750,1032802.0,1033150.0,1.1,0.04,1703.31285442,1967.21738415,1033411.0,121774.06896156,6269.80265459
BTC_JPY,2020-05-29T00:36:29.29,12725821,1032802.0,1033150.0,1.0,0.04,1701.78997043,1965.98767982,1033000.0,121781.11735317,6269.85265459
BTC_JPY,2020-05-29T00:36:33.98,12725898,1032501.0,1033139.0,0.1,0.04452,1702.93009476,1961.85187592,1033396.0,121789.84714053,6271.24765009
BTC_JPY,2020-05-29T00:36:38.473,12726028,1032236.0,1032964.0,0.26999999,0.32,1700.38581255,1963.43384628,1032356.0,121799.93335196,6273.48665443
BTC_JPY,2020-05-29T00:36:43.89,12726177,1032238.0,1032945.0,0.1485,0.2,1701.08777105,1966.30694111,1032236.0,121802.35696858,6273.49835076
BTC_JPY,2020-05-29T00:36:49.463,12726320,1032255.0,1033000.0,0.32,0.01,1701.24999409,1965.9819868,1032256.0,121814.23185128,6273.66835076
BTC_JPY,2020-05-29T00:36:54.4,12726465,1032450.0,1032964.0,0.01,0.1532,1699.86899409,1967.36687905,1032452.0,121825.0710736,6274.59535076
BTC_JPY,2020-05-29T00:36:59.303,12726649,1031500.0,1031737.0,0.01,0.1,1697.48981308,1969.06467414,1031840.0,121844.1240812,6276.85037442
BTC_JPY,2020-05-29T00:37:03.8,12726814,1031113.0,1032033.0,0.09699999999999999,0.9173,1696.34999371,1969.31036729,1031103.0,121863.19825221,6277.87206574
BTC_JPY,2020-05-29T00:37:09.497,12727075,1031785.0,1032537.0,0.6505,0.05,1699.53349043,1963.86332414,1032591.0,121880.07409048,6277.84206574
BTC_JPY,2020-05-29T00:37:14.603,12727279,1031843.0,1032442.0,0.6505,0.05,1699.78777805,1965.82712164,1031840.0,121883.91059235,6277.32115575
BTC_JPY,2020-05-29T00:37:19.47,12727423,1031858.0,1032437.0,0.6505,0.1,1701.61587805,1965.89972413,1031840.0,121882.54584987,6277.32115575
BTC_JPY,2020-05-29T00:37:24.447,12727594,1031370.0,1032380.0,0.1,0.04804,1701.48803591,1972.22260949,1032439.0,121887.15995124,6277.82115575
BTC_JPY,2020-05-29T00:40:09.48,12732457,1027197.0,1028168.0,0.6863,0.05,1686.10103629,1963.55591311,1027851.0,122461.65268391,6333.71442531
BTC_JPY,2020-05-29T00:40:14.62,12732584,1027851.0,1028305.0,0.006999999999999999,0.05,1686.08593629,1963.47369589,1027851.0,122463.50728391,6333.71342531
BTC_JPY,2020-05-29T00:40:19.283,12732694,1027851.0,1028458.0,0.006999999999999999,0.32,1688.6097450999994,1963.2695047,1028349.0,122464.39797321,6333.81342531
BTC_JPY,2020-05-29T00:40:24.277,12732811,1027851.0,1028500.0,0.006999999999999999,0.01,1688.7818450999994,1963.42360611,1028349.0,122466.86462616,6333.90342531
BTC_JPY,2020-05-29T00:40:29.323,12732923,1027851.0,1028470.0,0.006999999999999999,0.2,1688.56723651,1963.64786612,1028349.0,122471.84877175,6333.90342531
BTC_JPY,2020-05-29T00:40:33.753,12733076,1026851.0,1027800.0,0.1,0.5682,1687.61173651,1967.34813834,1027254.0,122486.8933547,6333.94042531
BTC_JPY,2020-05-29T00:40:39.383,12733229,1026500.0,1027357.0,0.023,0.5182,1691.11823651,1967.10325883,1026851.0,122495.91503063,6333.53042531
BTC_JPY,2020-05-29T00:40:44.28,12733391,1026500.0,1027071.0,0.023,0.5682,1691.72228421,1968.88336727,1027180.0,122518.34699208,6333.89232531
BTC_JPY,2020-05-29T00:40:49.34,12733512,1026390.0,1026998.0,1.1,0.05,1691.70775768,1974.52856609,1026391.0,122524.16221906,6334.18337831
BTC_JPY,2020-05-29T00:40:54.14,12733644,1026685.0,1027508.0,0.32,0.05,1691.50654192,1973.04313152,1027407.0,122540.76111199,6334.59793015
BTC_JPY,2020-05-29T00:40:59.62,12733794,1026416.0,1027481.0,0.099,0.15,1690.96107042,1973.79423001,1026688.0,122555.83948344,6334.59893015
BTC_JPY,2020-05-29T00:41:04.227,12733885,1027000.0,1027456.0,0.15,0.05,1698.64904693,1974.1825061,1026688.0,122562.91554385,6334.47893015
BTC_JPY,2020-05-29T00:41:08.717,12733942,1027001.0,1027508.0,0.1,0.05,1697.84614693,1974.63351652,1026688.0,122537.34547198,6332.11393016
BTC_JPY,2020-05-29T00:41:13.76,12734024,1027001.0,1027509.0,0.099,0.26999999,1697.72914616,1974.42668575,1026690.0,122516.33741647,6322.18952934
BTC_JPY,2020-05-29T00:41:19.177,12734095,1027002.0,1027719.0,0.2378,0.15,1702.24363651,1976.31032576,1027509.0,122527.54694428,6323.08952934
BTC_JPY,2020-05-29T00:41:24.583,12734204,1027001.0,1027730.0,0.5566,0.1,1703.37443637,1974.49030611,1027001.0,122529.56621944,6319.65952908
BTC_JPY,2020-05-29T00:41:29.167,12734285,1027003.0,1027729.0,0.5529999999999999,0.05,1705.6508265,1975.52473598,1027001.0,122514.74048628,6319.50377655
BTC_JPY,2020-05-29T00:41:33.693,12734352,1027006.0,1027714.0,0.5489,0.514,1706.7527365,1976.90889611,1027003.0,122483.67216098,6319.42477655
BTC_JPY,2020-05-29T00:41:38.997,12734508,1027000.0,1027578.0,0.00316125,0.102,1705.04108724,1977.4375756,1027000.0,122489.56539972,6320.1916153
BTC_JPY,2020-05-29T00:41:44.443,12734647,1027000.0,1027369.0,0.00316125,0.3,1703.55108737,1976.57685611,1027386.0,122492.04630278,6320.6616153
BTC_JPY,2020-05-29T00:41:49,12734734,1027000.0,1027571.0,0.00316125,0.102,1705.03884624,1977.2687181,1027001.0,122452.00210895,6304.3445468
BTC_JPY,2020-05-29T00:41:54.587,12734844,1027000.0,1027384.0,0.00316125,0.1,1704.58728014,1976.899632,1027558.0,122421.89388921,6297.5735447
BTC_JPY,2020-05-29T00:41:59.567,12734895,1027000.0,1027362.0,0.10316125,0.15,1705.07628014,1976.99656201,1027558.0,122403.09577835,6293.96611011
BTC_JPY,2020-05-29T00:42:04.39,12734999,1026870.0,1027256.0,0.00499999,0.2,1704.74831889,1977.65463201,1026870.0,122405.04671634,6293.52088136
BTC_JPY,2020-05-29T00:42:09.137,12735208,1025680.0,1025830.0,1.01010425,0.1,1688.19724067,1979.97798103,1025680.0,122426.16778731,6298.11128369
BTC_JPY,2020-05-29T00:42:14.463,12735411,1024922.0,1025382.0,0.32,0.2,1685.65902615,1974.06016284,1024772.0,122450.62060662,6304.38150493
BTC_JPY,2020-05-29T00:42:19,12735550,1024772.0,1025226.0,0.2,1.0,1694.37187091,1976.93275612,1024923.0,122469.43947104,6300.44002946
BTC_JPY,2020-05-29T00:42:23.947,12735721,1025861.0,1026282.0,0.0750005,0.45,1695.49124746,1973.70488608,1025861.0,122475.24911965,6303.75952887
BTC_JPY,2020-05-29T00:45:08.92,12739445,1025362.0,1026082.0,0.11,3.0,1704.72672942,1985.01109673,1025831.0,122672.89493497,6312.43136573
BTC_JPY,2020-05-29T00:45:14.397,12739572,1025520.0,1025831.0,0.5475,0.01,1706.05626993,1984.80854673,1025831.0,122686.21509904,6312.43136573
BTC_JPY,2020-05-29T00:45:18.753,12739653,1025314.0,1026055.0,0.15,0.27,1699.25876993,1985.01854673,1026055.0,122689.12109307,6312.93136573
BTC_JPY,2020-05-29T00:45:24.187,12739786,1025302.0,1025793.0,0.08290171,1.0018,1697.14723114,1988.81712027,1026055.0,122700.05349307,6312.93136573
BTC_JPY,2020-05-29T00:45:28.663,12739900,1025585.0,1026055.0,0.1,0.27,1705.47868361,1985.8030604000005,1025583.0,122705.81750048,6312.98136573
BTC_JPY,2020-05-29T00:45:34.39,12739978,1025584.0,1026055.0,0.2,0.27,1703.89868361,1984.41234223,1025583.0,122708.79206427,6311.87636573
BTC_JPY,2020-05-29T00:45:38.657,12740044,1025608.0,1026055.0,0.11,0.23399999999999999,1706.20986557,1986.41054236,1026055.0,122703.72753877,6311.91236573
BTC_JPY,2020-05-29T00:45:43.71,12740078,1025608.0,1026055.0,0.11,0.254,1705.51668361,1986.83574236,1026055.0,122703.02694514,6311.91236573
BTC_JPY,2020-05-29T00:45:49.73,12740144,1025594.0,1026054.0,0.11,0.05,1704.50593115,1986.48920623,1026055.0,122696.92124588,6311.85836573
BTC_JPY,2020-05-29T00:45:53.603,12740185,1025594.0,1026082.0,0.11,2.254,1705.39868361,1985.48274623,1026082.0,122694.45019075,6312.60836573
BTC_JPY,2020-05-29T00:45:59.157,12740246,1025583.0,1026055.0,0.02,0.0061,1703.36023115,1986.0945,1026081.0,122695.05532364,6311.12836521
BTC_JPY,2020-05-29T00:46:04.487,12740368,1025831.0,1026055.0,0.083,0.0061,1705.01007531,1985.75382039,1026081.0,122690.83883762,6311.1081672
BTC_JPY,2020-05-29T00:46:09.303,12740460,1025831.0,1026082.0,0.083,2.2401,1704.8008735999995,1985.92709039,1026082.0,122676.72301394,6310.8781672
BTC_JPY,2020-05-29T00:46:14.633,12740538,1025832.0,1026082.0,0.1764,2.2401,1706.27507307,1985.2412555,1026082.0,122679.17431793,6310.8781672
BTC_JPY,2020-05-29T00:46:18.693,12740575,1025832.0,1026000.0,0.4299,0.08900000000000001,1706.5285732,1985.4242545000002,1026082.0,122673.57658946,6310.888168199999
BTC_JPY,2020-05-29T00:46:24.347,12740612,1025831.0,1025832.0,0.433,0.09817000000000001,1701.76487307,1984.47766075,1025832.0,122674.01060901,6311.1401982
BTC_JPY,2020-05-29T00:46:28.273,12740634,1025831.0,1026000.0,0.433,0.08900000000000001,1706.3849732,1985.75629075,1025832.0,122661.03865856,6310.9373682
BTC_JPY,2020-05-29T00:46:34.407,12740656,1025832.0,1026082.0,0.4386,2.230099,1710.8972732,1985.86622525,1025832.0,122654.89715381,6309.46036625
BTC_JPY,2020-05-29T00:46:39.087,12740687,1025832.0,1026082.0,0.3946,2.230099,1710.7762732,1986.2803215999998,1025832.0,122627.63607373,6307.53986625
BTC_JPY,2020-05-29T00:46:44.387,12740810,1026144.0,1026404.0,0.5637,0.87073732,1709.12034918,1982.6575862999998,1026404.0,122621.34133763,6309.36972243
BTC_JPY,2020-05-29T00:46:48.963,12740903,1026184.0,1026404.0,0.6101,0.75873733,1708.38374918,1981.88911631,1026404.0,122615.63440888,6309.48172242
BTC_JPY,2020-05-29T00:46:53.847,12741011,1026416.0,1026851.0,0.6075,0.1,1712.98341211,1982.98601873,1026405.0,122612.12402593,6310.25045975
BTC_JPY,2020-05-29T00:46:59.95,12741114,1026405.0,1026846.0,0.1,0.04415,1712.31269222,1983.94816873,1026405.0,122612.31269199,6310.24045975
BTC_JPY,2020-05-29T00:47:04.68,12741195,1026456.0,1026846.0,0.11,0.04054,1713.20541171,1981.82655834,1026405.0,122612.60858772,6310.24045975
BTC_JPY,2020-05-29T00:47:09.93,12741285,1026470.0,1026846.0,0.30000013,0.045439999999999994,1712.87791171,1982.47583898,1026445.0,122610.27061081,6310.33935975
BTC_JPY,2020-05-29T00:47:14.58,12741381,1026521.0,1026851.0,0.15,0.1,1712.99489632,1980.87940294,1026445.0,122610.26624847,6310.33935975
BTC_JPY,2020-05-29T00:47:19.483,12741483,1026546.0,1026851.0,0.30000013,0.1,1711.71669237,1985.07770294,1026445.0,122612.40707694,6310.12835775
BTC_JPY,2020-05-29T00:47:24.023,12741543,1026445.0,1026846.0,0.82,0.04707,1710.87443914,1984.67677294,1026445.0,122605.49880864,6309.43384503
BTC_JPY,2020-05-29T00:50:09.607,12744607,1026817.0,1027000.0,0.05,1.55899935,1713.63269535,1985.92182531,1027000.0,122772.6925669,6314.88692921
BTC_JPY,2020-05-29T00:50:14.247,12744629,1026817.0,1027000.0,0.2,0.84699935,1709.48269535,1984.11349531,1027000.0,122777.57482323,6315.59892921
BTC_JPY,2020-05-29T00:50:18.72,12744669,1026819.0,1027000.0,0.05,0.54699922,1709.61639535,1982.42867518,1027000.0,122775.11424082,6315.73892934
BTC_JPY,2020-05-29T00:50:23.567,12744723,1027000.0,1027245.0,3.71300078,2.311,1709.98520574,1984.25947596,1027000.0,122779.87626401,6316.28592856
BTC_JPY,2020-05-29T00:50:29.18,12744773,1027001.0,1027245.0,0.30000013,2.311,1712.42752128,1985.60998596,1027000.0,122785.83697927,6316.29760341
BTC_JPY,2020-05-29T00:50:34.493,12744808,1027000.0,1027245.0,3.81132593,2.311,1712.03253089,1983.90913596,1027000.0,122789.30572008,6316.28560341
BTC_JPY,2020-05-29T00:50:39.09,12744833,1027001.0,1027245.0,0.30000013,2.311,1712.2864959000005,1983.40014557,1027000.0,122784.16841049,6316.28560341
BTC_JPY,2020-05-29T00:50:43.93,12744882,1027004.0,1027245.0,0.556,2.01099987,1710.98519929,1983.08563531,1027245.0,122782.18978283,6316.58560354
BTC_JPY,2020-05-29T00:50:48.827,12744959,1027012.0,1027245.0,0.15,1.55099987,1710.88110514,1981.9968963,1027245.0,122785.92170545,6316.94560354
BTC_JPY,2020-05-29T00:50:54.287,12745022,1027022.0,1027245.0,0.15,1.53099987,1710.59243428,1983.3158263,1027245.0,122786.79670545,6316.96560354
BTC_JPY,2020-05-29T00:50:59.237,12745075,1027026.0,1027245.0,0.05,1.53099987,1702.61882092,1981.74798005,1027245.0,122789.51070562,6316.86560354
BTC_JPY,2020-05-29T00:51:04.3,12745120,1027245.0,1027386.0,1.75454402,0.0071,1702.82865237,1981.58527018,1027245.0,122793.30901625,6318.88000123
BTC_JPY,2020-05-29T00:51:09.263,12745165,1027245.0,1027543.0,1.75454402,0.002,1706.70732323,1981.35111932,1027500.0,122785.02939536,6318.8579976
BTC_JPY,2020-05-29T00:51:14.197,12745210,1027245.0,1027537.0,0.62248934,0.04413,1702.66226855,1983.62187294,1027245.0,122793.81021039998,6319.89605228
BTC_JPY,2020-05-29T00:51:19.313,12745354,1027004.0,1027107.0,0.1008,0.1851,1701.38957908,1985.12327016,1026875.0,122813.05012229,6320.04954162
BTC_JPY,2020-05-29T00:51:23.647,12745467,1026500.0,1026959.0,0.29600000000000004,0.32,1705.84157908,1984.48926277,1027004.0,122812.72146336,6320.15034162
BTC_JPY,2020-05-29T00:51:29.68,12745589,1026501.0,1026957.0,0.5688,0.1,1706.96467182,1982.70549917,1026923.0,122816.09138905,6320.46034325
BTC_JPY,2020-05-29T00:51:33.57,12745698,1026539.0,1027240.0,0.5651,0.04448,1707.43920835,1983.51327931,1026957.0,122819.88494189,6320.51034525
BTC_JPY,2020-05-29T00:51:39.033,12745819,1026500.0,1026973.0,0.29600000000000004,0.1,1705.84620822,1985.27928085,1026957.0,122812.54949499,6320.41064502
BTC_JPY,2020-05-29T00:51:44.427,12745927,1026501.0,1026945.0,0.1,0.1,1706.72098989,1985.42738085,1026957.0,122812.05799499,6320.41064502
BTC_JPY,2020-05-29T00:51:48.807,12745963,1026501.0,1026945.0,0.1,0.1,1701.75098989,1985.45788085,1026957.0,122813.03320241,6320.41064502
BTC_JPY,2020-05-29T00:51:54.07,12746038,1026501.0,1026948.0,0.5651,0.01,1706.74198989,1983.99258085,1026927.0,122814.02536837,6320.42344502
BTC_JPY,2020-05-29T00:51:58.81,12746120,1026502.0,1026937.0,0.5651,0.1,1706.35998976,1985.66744085,1026927.0,122809.49788884,6320.41344502
BTC_JPY,2020-05-29T00:52:04.653,12746214,1026500.0,1026937.0,0.29600000000000004,0.1,1707.80098989,1984.93103918,1026927.0,122808.55394014,6320.40344502
BTC_JPY,2020-05-29T00:52:09.373,12746257,1026500.0,1026937.0,0.29600000000000004,0.1,1707.77100142,1985.90916238,1026927.0,122808.40531985,6320.40344502
BTC_JPY,2020-05-29T00:52:13.993,12746326,1026501.0,1026917.0,2.0,0.1,1708.01310822,1986.20805239,1026956.0,122807.57923652,6320.59294502
BTC_JPY,2020-05-29T00:52:18.977,12746421,1026501.0,1026900.0,1.98829967,0.3776,1708.91818994,1985.39588124,1026917.0,122810.71514422,6320.68764535
BTC_JPY,2020-05-29T00:52:24.533,12746580,1026404.0,1026639.0,0.05,0.05,1706.70706564,1987.01675661,1026500.0,122817.31318296,6322.97194502
BTC_JPY,2020-05-29T00:55:09.227,12751043,1023846.0,1023972.0,0.16,0.03,1699.46493535,1976.80448046,1023846.0,122954.68950763,6333.46255941
BTC_JPY,2020-05-29T00:55:14.483,12751114,1023847.0,1024144.0,0.1,0.05,1700.5659758000006,1975.89408046,1024000.0,122937.12399397,6332.68264941
BTC_JPY,2020-05-29T00:55:19.23,12751213,1023864.0,1024145.0,0.6319,0.1,1703.3159758000006,1975.48537936,1024000.0,122942.68595282,6332.70774822
BTC_JPY,2020-05-29T00:55:23.673,12751304,1024000.0,1024280.0,0.01,0.9,1703.4550758,1976.20034936,1024145.0,122950.04712927,6332.80774822
BTC_JPY,2020-05-29T00:55:29.343,12751408,1024000.0,1024280.0,0.01,0.9,1703.03675425,1976.37721472,1024145.0,122954.25287413,6332.80774822
BTC_JPY,2020-05-29T00:55:34.83,12751533,1024474.0,1024908.0,0.8490000000000001,0.999999,1704.28224829,1969.36729823,1024908.0,122963.43738334,6336.03581652
BTC_JPY,2020-05-29T00:55:38.873,12751641,1024509.0,1025073.0,0.1,0.05,1705.05509126,1972.63701395,1024908.0,122980.0195056,6335.91791652
BTC_JPY,2020-05-29T00:55:44.157,12751804,1024340.0,1025069.0,0.096,0.3,1703.44050599,1973.44933408,1024341.0,122980.84835425,6337.08704192
BTC_JPY,2020-05-29T00:55:49.16,12751898,1024385.0,1025065.0,0.1,0.2,1705.61159127,1973.86721408,1024341.0,122983.29294975,6337.08704192
BTC_JPY,2020-05-29T00:55:54.497,12752033,1024385.0,1025035.0,0.1,0.3,1706.1973113,1974.44411689,1024382.0,122991.41064274,6337.78704192
BTC_JPY,2020-05-29T00:55:59.367,12752194,1023610.0,1024536.0,0.03,1.0,1697.1488542999994,1978.60621702,1023900.0,122998.68854498,6338.53219892
BTC_JPY,2020-05-29T00:56:04.28,12752361,1023500.0,1023691.0,0.0705,1.0,1697.18257066,1975.26319936,1023900.0,123012.89589331,6338.53219892
BTC_JPY,2020-05-29T00:56:09.553,12752417,1023500.0,1023625.0,0.0705,1.0,1701.30035416,1977.80209316,1023900.0,123019.98056128,6338.43219892
BTC_JPY,2020-05-29T00:56:13.777,12752498,1023500.0,1023915.0,0.0705,0.6859999999999999,1705.03595796,1979.65336303,1023637.0,123016.47672682,6339.03219892
BTC_JPY,2020-05-29T00:56:18.883,12752587,1023178.0,1023469.0,0.26999999,0.30000013,1705.88655307,1980.80704827,1023470.0,123017.821823,6339.42280381
BTC_JPY,2020-05-29T00:56:24.24,12752658,1023146.0,1023469.0,0.462,0.1,1706.50935308,1979.50112347,1023470.0,123023.71829264,6339.73280481
BTC_JPY,2020-05-29T00:56:29.477,12752738,1023206.0,1024048.0,0.5266,1.30000013,1706.65611942,1979.43336937,1023470.0,123017.06538086,6339.93518892
BTC_JPY,2020-05-29T00:56:34.27,12752845,1023146.0,1023781.0,0.5167,1.0,1709.98999744,1979.72672937,1024044.0,123018.92620686,6340.43618892
BTC_JPY,2020-05-29T00:56:39.15,12752952,1023146.0,1023711.0,0.5133,0.09,1709.89894436,1977.96681248,1023147.0,123021.84318009,6340.52618892
BTC_JPY,2020-05-29T00:56:43.763,12753038,1023312.0,1024025.0,0.5172,0.05,1710.72284435,1977.69531248,1024026.0,123021.62806754,6340.92618892
BTC_JPY,2020-05-29T00:56:49.927,12753186,1023147.0,1023892.0,0.03,0.1,1709.4900494000005,1978.55604058,1023313.0,123023.52948083,6341.73618892
BTC_JPY,2020-05-29T00:56:54.457,12753288,1023147.0,1023835.0,0.03,0.6176,1709.95748013,1978.50763826,1023313.0,123023.33069758,6341.73618892
BTC_JPY,2020-05-29T00:56:58.653,12753391,1023151.0,1023803.0,0.3014,0.5,1710.64498013,1978.16561996,1023803.0,123019.96973897,6342.23618892
BTC_JPY,2020-05-29T00:57:03.677,12753510,1023147.0,1023999.0,0.01,0.05,1710.53529068,1979.64772009,1023147.0,123016.81046869,6342.25618892
BTC_JPY,2020-05-29T00:57:09.203,12753641,1023147.0,1024114.0,0.01,0.5194,1709.35319055,1979.94889431,1023148.0,123013.82984904,6342.21618892
BTC_JPY,2020-05-29T00:57:13.68,12753796,1023145.0,1023948.0,0.05,1.0,1710.30914927,1979.72325431,1023145.0,123020.79308909,6342.76518892
BTC_JPY,2020-05-29T00:57:18.857,12753957,1023001.0,1023791.0,0.1,0.1,1707.92684928,1980.34519508,1023147.0,123026.50575425,6342.92133958
BTC_JPY,2020-05-29T00:57:23.773,12754068,1022967.0,1023765.0,0.496,0.1,1708.19764423,1979.96039923,1023001.0,123027.52654535,6343.07133958
BTC_JPY,2020-05-29T01:00:09.483,12757769,1023105.0,1023672.0,0.05,0.1,1706.18941891,1979.20466052,1023006.0,122409.04688311,6243.64304316
BTC_JPY,2020-05-29T01:00:15,12757906,1023181.0,1023736.0,0.05,0.03,1707.00020815,1979.29562003,1023633.0,122337.19840671,6243.74304516
BTC_JPY,2020-05-29T01:00:19.093,12758015,1022804.0,1023723.0,0.5022,0.12383,1698.69336928,1982.4284075,1023185.0,122295.80616378,6236.90998519
BTC_JPY,2020-05-29T01:00:24.15,12758156,1022840.0,1023715.0,0.6115,0.1,1706.55854964,1980.35155076,1023185.0,122285.81756599,6235.78087855
BTC_JPY,2020-05-29T01:00:30.217,12758338,1022981.0,1023736.0,0.1,0.032,1708.01314964,1979.27997481,1023185.0,122270.37205476,6235.00099855
BTC_JPY,2020-05-29T01:00:34.843,12758484,1023011.0,1023736.0,0.15,0.002,1703.03435451,1978.93729457,1023185.0,122222.31974061,6234.10499855
BTC_JPY,2020-05-29T01:00:39.563,12758638,1022865.0,1023601.0,0.5033,0.32,1702.75765465,1980.47670981,1023185.0,122206.87116584,6233.50179855
BTC_JPY,2020-05-29T01:00:44.83,12758750,1022865.0,1023736.0,0.05,0.002,1708.99533465,1979.62350445,1023185.0,122148.05269668,6231.61388388
BTC_JPY,2020-05-29T01:00:49.253,12758841,1022877.0,1023573.0,0.05,0.5033,1709.00983465,1980.62952982,1023185.0,122116.31039483,6226.68131898
BTC_JPY,2020-05-29T01:00:53.93,12758948,1023186.0,1023601.0,0.2,0.32,1704.25483451,1981.61397982,1023185.0,122098.14304987,6226.36601936
BTC_JPY,2020-05-29T01:00:59.123,12759025,1023185.0,1023600.0,0.08199999999999999,0.2,1706.59733464,1987.36997982,1023185.0,122080.76375863,6225.47601936
BTC_JPY,2020-05-29T01:01:04.763,12759138,1023185.0,1023370.0,0.005,0.1,1704.01533464,1986.76422982,1023185.0,122075.42633181,6224.30202936
BTC_JPY,2020-05-29T01:01:09.173,12759220,1023185.0,1023370.0,0.005,0.1,1708.22133464,1986.95134982,1023185.0,122021.10118251,6221.59103936
BTC_JPY,2020-05-29T01:01:14.49,12759345,1023185.0,1023600.0,0.005,0.5988,1703.66133465,1986.65851458,1023185.0,122007.69310444,6218.46904986
BTC_JPY,2020-05-29T01:01:19.033,12759445,1023185.0,1023670.0,0.005,0.5035,1703.81054927,1985.90817982,1023784.0,121972.16146638,6219.96904986
BTC_JPY,2020-05-29T01:01:24.497,12759546,1023185.0,1023710.0,0.005,0.32,1707.7756019,1985.02889445,1023784.0,121955.2973508,6219.45804986
BTC_JPY,2020-05-29T01:01:28.877,12759613,1023208.0,1023710.0,0.08,0.32,1707.13863282,1985.72147917,1023704.0,121942.24680677,6218.46804986
BTC_JPY,2020-05-29T01:01:33.74,12759657,1023207.0,1023709.0,0.1,0.2,1702.72382922,1985.27358445,1023196.0,121902.64862841,6219.46804986
BTC_JPY,2020-05-29T01:01:39.633,12759680,1023207.0,1023784.0,1.1,0.002,1706.91882922,1986.00517557,1023196.0,121858.08040075,6219.46704986
BTC_JPY,2020-05-29T01:01:44.093,12759733,1023233.0,1023784.0,0.103,0.002,1703.56582923,1985.12589445,1023196.0,121848.14803604,6219.46704986
BTC_JPY,2020-05-29T01:01:49.473,12759831,1023388.0,1024000.0,0.1,5.56862405,1708.15391848,1982.42657557,1024000.0,121858.42356112,6220.16204986
BTC_JPY,2020-05-29T01:01:54.62,12759914,1023428.0,1024000.0,0.2,5.56862405,1703.42461848,1981.96857544,1024000.0,121855.97485733,6220.16204986
BTC_JPY,2020-05-29T01:01:59.113,12760000,1023528.0,1024000.0,0.2,5.56862405,1709.46051848,1983.35457557,1024000.0,121835.51341645,6220.05004986
BTC_JPY,2020-05-29T01:02:03.763,12760080,1023567.0,1024000.0,0.1,0.00862405,1706.44951835,1978.60449445,1024000.0,121817.5208433,6222.00450589
BTC_JPY,2020-05-29T01:02:09.52,12760180,1023609.0,1024000.0,0.15,0.00862405,1704.32551848,1977.15957482,1024000.0,121791.62317564,6202.82791287
BTC_JPY,2020-05-29T01:02:14.197,12760263,1024160.0,1024475.0,0.002,1.0,1709.61689443,1977.80952077,1024145.0,121787.20332808,6197.89655437
BTC_JPY,2020-05-29T01:02:18.793,12760396,1024309.0,1025098.0,0.1,0.1,1706.24201067,1978.38546701,1024476.0,121778.96152183,6197.01981609
BTC_JPY,2020-05-29T01:02:24.21,12760529,1024348.0,1025098.0,0.1,0.1,1713.5401313999994,1978.54828039,1024476.0,121760.80799207,6185.00072543
BTC_JPY,2020-05-29T01:05:09.51,12763773,1025087.0,1025500.0,0.15,0.02,1713.32623675,1988.82540785,1025200.0,121480.46151989998,6154.55966382
BTC_JPY,2020-05-29T01:05:14.447,12763875,1025055.0,1025452.0,1.0,0.08,1712.98122941,1990.9806004999998,1025089.0,121483.58523887,6154.80966382
BTC_JPY,2020-05-29T01:05:19.06,12763933,1025055.0,1025200.0,0.95064006,0.04,1711.25793268,1991.33866371,1025055.0,121481.61268961,6154.81702376
BTC_JPY,2020-05-29T01:05:24.17,12764074,1024108.0,1024293.0,0.090001,0.36219593,1706.44213041,1988.98049965,1024108.0,121482.93989818,6157.09866282
BTC_JPY,2020-05-29T01:05:29.303,12764263,1023343.0,1023933.0,0.2,0.5803,1696.45091381,1991.56533491,1023460.0,121514.483049,6162.81866382
BTC_JPY,2020-05-29T01:05:34.3,12764381,1023348.0,1023873.0,0.05,0.08,1698.13275566,1991.68050051,1023460.0,121528.97564629,6162.35130603
BTC_JPY,2020-05-29T01:05:39.15,12764521,1023343.0,1023839.0,0.05,0.5761,1705.11232941,1991.7737005,1023866.0,121527.20245002,6162.43130603
BTC_JPY,2020-05-29T01:05:43.8,12764626,1023342.0,1023767.0,1.0,0.1,1706.03189887,1992.07411996,1023866.0,121523.87971896,6161.86860469
BTC_JPY,2020-05-29T01:05:49.227,12764778,1023430.0,1024120.0,0.15,0.32,1707.76729887,1993.44456996,1023500.0,121528.11170831,6162.57540469
BTC_JPY,2020-05-29T01:05:53.92,12764879,1023440.0,1024149.0,0.2,0.042069999999999996,1709.40729887,1993.36143996,1023500.0,121529.904455,6162.57540469
BTC_JPY,2020-05-29T01:05:58.58,12765031,1023459.0,1024197.0,0.05,0.1,1709.07744018,1989.00401142,1023448.0,121535.54340676,6159.57540469
BTC_JPY,2020-05-29T01:06:04.183,12765150,1023510.0,1024197.0,0.05,0.1,1709.48444031,1988.24797142,1023448.0,121534.01063108,6159.57540469
BTC_JPY,2020-05-29T01:06:09.527,12765251,1024000.0,1024198.0,1.0,0.26999999,1709.34664032,1987.22225141,1024197.0,121530.03835388,6159.76540469
BTC_JPY,2020-05-29T01:06:14.153,12765334,1024002.0,1024458.0,0.05,0.1,1709.15447102,1986.69474214,1024198.0,121535.16371538,6160.03540468
BTC_JPY,2020-05-29T01:06:19.547,12765413,1024001.0,1024442.0,0.0425,0.1,1708.16652939,1986.96281783,1024001.0,121521.49239912,6160.04301467
BTC_JPY,2020-05-29T01:06:24.72,12765491,1024000.0,1024419.0,1.838501,0.1,1709.30394809,1988.75681809,1024000.0,121520.81808476,6159.70701367
BTC_JPY,2020-05-29T01:06:29.37,12765572,1023517.0,1023988.0,0.26999999,0.1,1708.09613334,1989.69690722,1023518.0,121523.83035425,6161.54773668
BTC_JPY,2020-05-29T01:06:33.917,12765638,1023517.0,1023778.0,0.26999999,0.32,1707.70233334,1989.30950347,1023518.0,121529.89075575,6161.54773668
BTC_JPY,2020-05-29T01:06:38.51,12765699,1023517.0,1023778.0,0.26999999,0.32,1709.56753334,1988.8225994000002,1023518.0,121522.24847914,6161.37773668
BTC_JPY,2020-05-29T01:06:44.013,12765809,1023517.0,1023953.0,0.26999999,0.1,1707.92452939,1989.93750348,1023518.0,121529.25549045,6161.37421668
BTC_JPY,2020-05-29T01:06:49.23,12765950,1023196.0,1023468.0,0.001,0.1,1708.54020661,1991.51511375,1023207.0,121548.76298498,6162.99421666
BTC_JPY,2020-05-29T01:06:53.597,12765989,1023108.0,1023468.0,0.1,0.1,1707.93720661,1991.77346376,1023196.0,121549.53587705,6162.98521666
BTC_JPY,2020-05-29T01:06:58.787,12766022,1023207.0,1023325.0,0.05,0.001,1707.17038238,1991.27179376,1023196.0,121555.26759626,6162.38033666
BTC_JPY,2020-05-29T01:07:03.723,12766086,1023001.0,1023325.0,0.2,0.001,1706.98624491,1991.76611376,1023108.0,121558.40172451,6162.58033666
BTC_JPY,2020-05-29T01:07:08.857,12766139,1023000.0,1023325.0,2.67575297,0.001,1706.98624491,1991.90475206,1023108.0,121520.07829587,6160.37611667
BTC_JPY,2020-05-29T01:07:13.627,12766200,1023108.0,1023325.0,0.07,0.001,1705.45324491,1991.80475206,1023108.0,121508.38318515,6160.37611667
BTC_JPY,2020-05-29T01:07:20.043,12766385,1022182.0,1022422.0,0.009040000000000001,0.7137,1699.20444799,1992.12838143,1022182.0,121529.93105995,6165.21382964
BTC_JPY,2020-05-29T01:07:23.727,12766488,1022015.0,1022575.0,0.1,0.1,1702.17415055,1991.54744952,1022464.0,121536.87017084,6165.26883064
BTC_JPY,2020-05-29T01:10:09.71,12770920,1019312.0,1019880.0,0.15,0.00478783,1696.50201027,1992.94173215,1019880.0,121820.90636447,6189.21650077
BTC_JPY,2020-05-29T01:10:14.48,12771036,1019613.0,1019999.0,0.1,0.1,1696.12529334,1987.57275978,1019602.0,121829.52809236,6189.1691632
BTC_JPY,2020-05-29T01:10:19.127,12771144,1019667.0,1019999.0,0.32,0.2,1702.02467787,1987.30220432,1019602.0,121825.29092504,6188.079888600001
BTC_JPY,2020-05-29T01:10:24.443,12771282,1019945.0,1020500.0,0.1,0.01,1703.14195602,1984.84655432,1020110.0,121837.3364988,6189.8987886
BTC_JPY,2020-05-29T01:10:29.52,12771444,1020198.0,1021060.0,0.1,0.15,1700.68976244,1991.7387589,1020179.0,121845.09174537,6189.4044356
BTC_JPY,2020-05-29T01:10:34.03,12771586,1020111.0,1020788.0,0.1,0.1,1699.48956244,1992.30814561,1020608.0,121857.97186878,6189.406435600001
BTC_JPY,2020-05-29T01:10:38.933,12771693,1020110.0,1020780.0,0.7,0.15,1698.82498679,1992.34870325,1021060.0,121845.50158045,6189.379535600001
BTC_JPY,2020-05-29T01:10:44.207,12771795,1019716.0,1020769.0,0.26999999,0.103,1698.65097772,1994.70910324,1020110.0,121843.44204063,6189.720335600001
BTC_JPY,2020-05-29T01:10:49.787,12771917,1020081.0,1020386.0,0.08450711,0.39698958,1697.11775283,1993.01148389,1020081.0,121852.54803357,6189.22582849
BTC_JPY,2020-05-29T01:10:54.04,12772074,1020109.0,1020752.0,0.5631,0.03,1700.90697453,1990.50216389,1020081.0,121869.62461999,6189.20582849
BTC_JPY,2020-05-29T01:10:59.327,12772213,1020081.0,1020692.0,0.08450711,0.05,1698.9904744000007,1992.61292388,1020081.0,121879.54820096,6189.20582849
BTC_JPY,2020-05-29T01:11:03.987,12772310,1019837.0,1020695.0,0.102,0.32,1693.11986742,1991.7899143,1020081.0,121880.68638421,6190.15582849
BTC_JPY,2020-05-29T01:11:08.883,12772450,1019908.0,1020844.0,0.5655,0.05,1698.59437784,1991.53340654,1020081.0,121884.73064952,6190.15582849
BTC_JPY,2020-05-29T01:11:14.563,12772651,1021243.0,1021248.0,0.04334,0.097,1701.01371784,1994.74194428,1021243.0,121909.95267907,6189.47774786
BTC_JPY,2020-05-29T01:11:19.893,12772784,1020372.0,1021168.0,0.30000013,0.15,1708.33791571,1995.85381354,1020570.0,121920.15971605,6189.52588686
BTC_JPY,2020-05-29T01:11:24.607,12772875,1020173.0,1021129.0,0.5621,0.04047,1706.55237774,1995.52836354,1020570.0,121920.64231286,6189.52588686
BTC_JPY,2020-05-29T01:11:29.547,12772964,1020500.0,1020848.0,0.50097991,0.09,1707.26975714,1995.47390355,1020848.0,121921.54455457,6188.98588686
BTC_JPY,2020-05-29T01:11:33.537,12773049,1020512.0,1021176.0,0.2,0.04509,1707.57275713,1995.13218419,1020848.0,121927.12121352,6188.98588686
BTC_JPY,2020-05-29T01:11:38.993,12773151,1020501.0,1021175.0,0.09834312,0.05,1706.93912669,1995.11284999,1020502.0,121924.04166099,6188.99754374
BTC_JPY,2020-05-29T01:11:43.597,12773225,1020526.0,1021252.0,0.5621,0.1,1706.90395776,1995.27402999,1020848.0,121924.68282489998,6188.93694374
BTC_JPY,2020-05-29T01:11:48.383,12773281,1020502.0,1021252.0,0.05,0.3966913,1707.55639218,1994.80588549,1020848.0,121926.47779336,6188.93694374
BTC_JPY,2020-05-29T01:11:53.823,12773332,1020500.0,1021247.0,0.25797991,0.04046,1707.97935763,1995.17244549,1020500.0,121929.47033067,6189.17994374
BTC_JPY,2020-05-29T01:11:59.403,12773384,1020513.0,1021251.0,0.5613,0.1,1708.33038435,1995.36100549,1020500.0,121930.6356694,6188.16511077
BTC_JPY,2020-05-29T01:12:03.78,12773448,1020513.0,1021251.0,0.5613,0.1,1708.53538435,1996.5259942,1020500.0,121930.7706079,6188.08064708
BTC_JPY,2020-05-29T01:12:09.623,12773563,1020552.0,1021315.0,0.5613,0.04585,1708.99898435,1998.21877078,1020500.0,121896.23378736,6186.97244374
BTC_JPY,2020-05-29T01:12:14.193,12773633,1020514.0,1021172.0,0.30000013,0.096,1707.67715777,1998.21947078,1020525.0,121898.70007743,6187.21244374
BTC_JPY,2020-05-29T01:12:19.227,12773688,1020513.0,1021209.0,0.5599,0.1,1707.28632308,1998.05986964,1021172.0,121896.68678316,6186.91984474
BTC_JPY,2020-05-29T01:12:24.33,12773763,1020848.0,1021074.0,0.02,0.5747981,1711.88040884,1998.3668923,1021313.0,121898.1300238,6188.82984474
BTC_JPY,2020-05-29T01:15:09.803,12776996,1020000.0,1020375.0,1.57976901,0.15,1696.95564689,2005.66291762,1020000.0,121908.34768861,6203.41700378
BTC_JPY,2020-05-29T01:15:13.697,12777086,1019682.0,1020000.0,0.1,0.3,1697.31799631,2005.32604362,1019750.0,121916.70001216,6205.00677379
BTC_JPY,2020-05-29T01:15:19.12,12777260,1019110.0,1019487.0,0.002,0.5708,1696.4921937,2005.78734101,1019500.0,121924.9953427,6204.93777379
BTC_JPY,2020-05-29T01:15:24.423,12777429,1019000.0,1019400.0,0.15,0.096,1689.33687788,2005.78754114,1019010.0,121929.45511859,6205.05628521
BTC_JPY,2020-05-29T01:15:29.127,12777600,1018626.0,1019270.0,0.1,0.31,1694.29544536,2004.47348418,1019231.0,121953.80343135,6207.20119316
BTC_JPY,2020-05-29T01:15:34.623,12777777,1018416.0,1019203.0,0.1,0.5661,1690.37362648,2005.35536531,1018626.0,121949.34197161,6205.30128776
BTC_JPY,2020-05-29T01:15:39.093,12777878,1018356.0,1019023.0,0.1,1.0,1693.74262648,2007.07865531,1018626.0,121952.89143864,6203.83318716
BTC_JPY,2020-05-29T01:15:43.963,12778027,1018859.0,1019198.0,0.32,0.30000002,1695.59292646,2003.11942533,1019198.0,121946.91933174,6204.00764773
BTC_JPY,2020-05-29T01:15:49.44,12778145,1019022.0,1019198.0,0.1,0.19800002,1698.73579082,2004.97392139,1019198.0,121943.95634833,6203.02864773
BTC_JPY,2020-05-29T01:15:53.73,12778216,1019022.0,1019342.0,0.1,0.26999999,1699.49879083,2001.91252531,1019231.0,121941.49360628,6202.3698388
BTC_JPY,2020-05-29T01:15:59.653,12778317,1018831.0,1019342.0,0.1,0.26999999,1699.26687797,2006.22137683,1019022.0,121931.87866141,6201.660509800001
BTC_JPY,2020-05-29T01:16:03.83,12778407,1018891.0,1019342.0,0.54,0.26999999,1700.42255924,2006.24013824,1019231.0,121925.40236,6201.570509800003
BTC_JPY,2020-05-29T01:16:09.407,12778586,1019164.0,1020131.0,0.6426,0.09699999999999999,1701.36260495,2003.03522385,1019914.0,121921.18067268,6202.80110979
BTC_JPY,2020-05-29T01:16:14.213,12778718,1019377.0,1019992.0,0.1,0.03,1702.07361211,2005.47680385,1019376.0,121922.39116242,6202.81110979
BTC_JPY,2020-05-29T01:16:19.33,12778801,1019414.0,1019992.0,0.1,0.03,1702.46892147,2004.19612038,1019983.0,121920.40856014,6203.45110979
BTC_JPY,2020-05-29T01:16:23.957,12778882,1019415.0,1019992.0,0.1,0.03,1701.43992641,2004.24185418,1019983.0,121918.92939062,6203.40110979
BTC_JPY,2020-05-29T01:16:28.34,12778935,1019427.0,1019992.0,0.1,0.03,1701.88992641,2004.75568418,1019983.0,121914.41371519,6203.40110979
BTC_JPY,2020-05-29T01:16:33.973,12779077,1019415.0,1019790.0,0.1,0.5923,1701.57508515,2009.56949418,1019983.0,121909.93757967,6203.50110979
BTC_JPY,2020-05-29T01:16:39.563,12779222,1019415.0,1019848.0,0.1,0.1,1699.2820553,2007.45855685,1019899.0,121907.45767741,6203.69110979
BTC_JPY,2020-05-29T01:16:43.98,12779345,1019415.0,1019800.0,0.1,0.4972,1701.70715529,2006.27931685,1019899.0,121906.5988767,6203.69110979
BTC_JPY,2020-05-29T01:16:49.407,12779453,1019426.0,1019800.0,0.1,0.4972,1699.34848797,2004.47195672,1019899.0,121925.75487403,6203.69110979
BTC_JPY,2020-05-29T01:16:54.293,12779493,1019438.0,1019800.0,0.1,0.4972,1702.02848797,2004.13214685,1019899.0,121930.69431573,6203.69110979
BTC_JPY,2020-05-29T01:16:58.9,12779540,1019195.0,1019800.0,0.1,0.4972,1701.65179644,2004.07794572,1019899.0,121936.01818858,6203.69110979
BTC_JPY,2020-05-29T01:17:04.36,12779599,1019195.0,1019800.0,0.1,0.4972,1701.69179645,2004.64726585,1019899.0,121936.73455696,6203.69110979
BTC_JPY,2020-05-29T01:17:09.477,12779638,1019183.0,1019800.0,0.2,0.4972,1702.21848799,2004.80372585,1019195.0,121936.24620556,6203.79110979
BTC_JPY,2020-05-29T01:17:13.863,12779690,1019183.0,1019800.0,0.2,0.4972,1701.22748801,2004.56584585,1019195.0,121926.58334368,6203.1161098
BTC_JPY,2020-05-29T01:17:19.1,12779741,1019195.0,1019800.0,0.04,0.4972,1701.34496202,2004.37355986,1019195.0,121915.06431778,6203.1161098
BTC_JPY,2020-05-29T01:17:24.027,12779811,1019195.0,1019798.0,0.03,0.05,1701.43496202,2004.61863986,1019195.0,121911.75258559,6202.926109800002
BTC_JPY,2020-05-29T01:20:09.183,12782923,1020240.0,1020530.0,0.2,1.0,1701.41706565,2000.84828447,1020530.0,121923.72355147,6210.35220429
BTC_JPY,2020-05-29T01:20:14.447,12783032,1020287.0,1020600.0,0.30000013,1.0,1701.31856565,2003.78592532,1020287.0,121935.38057395,6211.41220429
BTC_JPY,2020-05-29T01:20:19.08,12783105,1020402.0,1020600.0,0.2,0.48019999,1701.89454649,2002.54846716,1020600.0,121931.93924537,6211.9320043000025
BTC_JPY,2020-05-29T01:20:24.207,12783186,1020410.0,1020806.0,0.1,0.1,1699.11218834,2003.10547717,1020600.0,121926.37464366,6211.8520023
BTC_JPY,2020-05-29T01:20:29.17,12783276,1020287.0,1020804.0,0.05,0.05879021,1703.11318821,2002.27880725,1020600.0,121927.00224473,6211.8520023
BTC_JPY,2020-05-29T01:20:34.707,12783385,1020531.0,1020806.0,0.1,0.1,1704.58178833,2002.55928532,1020600.0,121928.99948557,6211.3520023
BTC_JPY,2020-05-29T01:20:38.42,12783430,1020531.0,1020600.0,0.1,1.0,1704.61778833,2003.79572717,1020600.0,121929.98264653,6211.332002300002
BTC_JPY,2020-05-29T01:20:43.96,12783485,1020531.0,1020600.0,0.1,0.8,1704.54798833,2003.55836717,1020600.0,121927.62805201,6211.5220023
BTC_JPY,2020-05-29T01:20:48.527,12783525,1020531.0,1020600.0,0.1,0.8,1704.45038833,2003.62265717,1020600.0,121922.19830912,6211.5122033
BTC_JPY,2020-05-29T01:20:54.717,12783570,1020531.0,1020600.0,0.0738,0.8,1704.17448833,2004.68736717,1020531.0,121919.81638947,6211.5384033
BTC_JPY,2020-05-29T01:20:59.64,12783624,1020531.0,1020600.0,0.063801,0.8,1700.96421613,2005.52809397,1020531.0,121922.30672523,6211.536102300001
BTC_JPY,2020-05-29T01:21:04.183,12783670,1020530.0,1020600.0,0.385801,0.8,1704.76491612,2005.34915022,1020530.0,121924.54927696,6211.6941023
BTC_JPY,2020-05-29T01:21:08.817,12783694,1020530.0,1020600.0,0.385801,1.14,1702.65491612,2005.65235022,1020530.0,121923.62717372,6211.6941023
BTC_JPY,2020-05-29T01:21:13.43,12783722,1020531.0,1020600.0,1.0,1.14,1704.60021651,2005.65362061,1020530.0,121916.29633967,6211.6941023
BTC_JPY,2020-05-29T01:21:18.777,12783746,1020531.0,1020600.0,1.0,1.14,1704.05784747,2005.39562061,1020530.0,121912.24633967,6209.7141023
BTC_JPY,2020-05-29T01:21:23.873,12783798,1020532.0,1020806.0,0.04120979,0.1,1703.1555263,2004.18852082,1020600.0,121913.8030488,6211.054102300001
BTC_JPY,2020-05-29T01:21:28.907,12783830,1020532.0,1020806.0,0.04120979,0.1,1702.6355263,2004.82125082,1020600.0,121913.63712691,6211.054102300001
BTC_JPY,2020-05-29T01:21:34.63,12783876,1020532.0,1020806.0,0.04120979,0.1,1703.83652633,2004.86296082,1020600.0,121900.11800901,6209.99846762
BTC_JPY,2020-05-29T01:21:39.523,12783893,1020532.0,1020806.0,0.04120979,0.1,1703.71652633,2004.46920178,1020600.0,121898.2304253,6209.99846762
BTC_JPY,2020-05-29T01:21:44.233,12783934,1020530.0,1020600.0,0.1973508,0.01,1702.84886633,2005.25160342,1020530.0,121902.26305769,6211.19822761
BTC_JPY,2020-05-29T01:21:49.14,12783989,1020532.0,1020600.0,1.0,0.01,1703.73076633,2005.24507342,1020530.0,121888.23051768,6210.90622761
BTC_JPY,2020-05-29T01:21:53.817,12784014,1020532.0,1020600.0,1.0,0.01,1703.92186633,2004.98380342,1020530.0,121883.12408045,6210.49822761
BTC_JPY,2020-05-29T01:21:58.463,12784053,1020532.0,1020600.0,0.95345839,0.01,1702.65485568,2004.94580342,1020532.0,121884.74762206,6210.54476922
BTC_JPY,2020-05-29T01:22:03.69,12784229,1019690.0,1020247.0,1.2,0.4542,1700.64694774,2006.89273047,1020262.0,121895.32301862,6211.85857941
BTC_JPY,2020-05-29T01:22:09.333,12784333,1019696.0,1020463.0,0.05,0.4658,1701.72978031,2007.8853306,1020262.0,121900.09004674,6211.85857941
BTC_JPY,2020-05-29T01:22:14.12,12784464,1020001.0,1020435.0,0.5926,0.1,1700.23481127,2004.57366143,1020262.0,121905.0628708,6211.85857941
BTC_JPY,2020-05-29T01:22:19.577,12784622,1020012.0,1020588.0,0.4249,0.5926,1697.24898443,2005.03926143,1020262.0,121909.56016887,6211.85857941
BTC_JPY,2020-05-29T01:22:24.4,12784747,1020001.0,1020546.0,0.05,0.1,1697.37368444,2007.65533472,1020262.0,121911.77926625,6211.85857941
BTC_JPY,2020-05-29T01:25:09.22,12787606,1018850.0,1019540.0,0.013999999999999999,0.28,1699.46943423,2033.45785108,1018899.0,121927.68078407,6211.38010153
BTC_JPY,2020-05-29T01:25:14.26,12787768,1018811.0,1019498.0,0.8011,0.3338,1701.40473422,2034.07033095,1019000.0,121931.27409198,6211.44639611
BTC_JPY,2020-05-29T01:25:18.623,12787940,1018826.0,1019985.0,0.6011,0.05,1701.89087558,2007.96805161,1019000.0,121941.91564532,6211.44639611
BTC_JPY,2020-05-29T01:25:24.477,12788091,1019067.0,1019669.0,0.15,0.1,1699.14597558,2009.94015174,1019000.0,121951.56959897,6211.19639611
BTC_JPY,2020-05-29T01:25:29.717,12788170,1019068.0,1019544.0,0.04,0.1,1699.72387559,2009.14402564,1019068.0,121950.21719277,6210.46639611
BTC_JPY,2020-05-29T01:25:34.007,12788204,1018893.0,1019544.0,0.05,0.1,1698.51665735,2009.0997734999999,1019068.0,121927.21117119999,6207.74639611
BTC_JPY,2020-05-29T01:25:39.703,12788288,1018906.0,1019532.0,0.2,0.1,1699.56565735,2009.0325035,1019068.0,121911.07315689,6206.36639611
BTC_JPY,2020-05-29T01:25:44.39,12788387,1018875.0,1019760.0,0.5812,0.28,1699.97530747,2009.3200235,1018563.0,121904.75912535,6207.45334611
BTC_JPY,2020-05-29T01:25:49.693,12788519,1018702.0,1019524.0,0.2,0.1,1701.99445425,2008.16621039,1018678.0,121901.57983758,6207.44334611
BTC_JPY,2020-05-29T01:25:54.177,12788606,1018716.0,1019512.0,0.098,0.1,1700.9041114,2009.08962755,1018678.0,121900.71882489,6207.44334611
BTC_JPY,2020-05-29T01:25:59.267,12788738,1018732.0,1019747.0,0.31,0.1,1702.16540938,2009.73393553,1018678.0,121905.95649476,6207.44334611
BTC_JPY,2020-05-29T01:26:04.423,12788906,1018781.0,1019707.0,0.2,0.5774,1698.28110939,2010.54703553,1018678.0,121906.10385344,6207.44334611
BTC_JPY,2020-05-29T01:26:08.77,12789029,1018792.0,1019732.0,0.15,0.1,1697.21510939,2010.10983743,1018780.0,121906.83593315,6208.14334611
BTC_JPY,2020-05-29T01:26:14.647,12789157,1018804.0,1019746.0,0.4967,0.5675,1700.30186961,2010.60255477,1018780.0,121904.22224315,6208.14334611
BTC_JPY,2020-05-29T01:26:19.307,12789294,1018816.0,1019621.0,0.4966,0.5675,1702.01376961,2010.53615477,1018780.0,121904.96224315,6208.14334611
BTC_JPY,2020-05-29T01:26:24.717,12789444,1018833.0,1019622.0,0.6367,0.1,1702.38666961,2010.63615477,1018832.0,121903.59070099,6208.18834611
BTC_JPY,2020-05-29T01:26:28.797,12789537,1018848.0,1019759.0,0.26999999,0.1,1701.87246961,2009.42408656,1018832.0,121912.37000631,6208.18834611
BTC_JPY,2020-05-29T01:26:34.4,12789741,1019386.0,1019976.0,0.15,0.3662,1703.17321141,2007.09302449,1019806.0,121916.506629,6209.54534611
BTC_JPY,2020-05-29T01:26:39.25,12789883,1019071.0,1019841.0,0.2,0.1,1702.98976995,2007.37398656,1019839.0,121915.1304503,6209.52494611
BTC_JPY,2020-05-29T01:26:43.59,12789986,1019283.0,1019955.0,0.05,0.04282,1701.65135593,2007.4662651,1019842.0,121911.76930614,6209.425948100001
BTC_JPY,2020-05-29T01:26:49.197,12790079,1019294.0,1019977.0,0.15,0.26999999,1698.44575593,2006.39876656,1019842.0,121915.17404751,6209.0245931
BTC_JPY,2020-05-29T01:26:53.497,12790167,1019307.0,1020000.0,0.15,0.24,1699.39505593,2006.22354097,1019842.0,121916.03228984,6209.0245931
BTC_JPY,2020-05-29T01:26:58.67,12790278,1019322.0,1020000.0,0.25,1.46,1700.73052336,2007.30758657,1019842.0,121918.36782243,6209.009593100001
BTC_JPY,2020-05-29T01:27:04.237,12790382,1019439.0,1020000.0,0.31,0.24,1701.89719517,2005.62973657,1019842.0,121916.75783112,6209.009593100001
BTC_JPY,2020-05-29T01:27:09.24,12790527,1019490.0,1020339.0,0.3285,1.0,1704.09933356,2005.80538097,1020000.0,121912.41182126,6208.1945931
BTC_JPY,2020-05-29T01:27:13.927,12790639,1019638.0,1020339.0,0.32,1.0,1703.83413369,2006.14695962,1020000.0,121910.88533864,6208.19449304
BTC_JPY,2020-05-29T01:27:19.94,12790786,1019656.0,1020339.0,0.3545,1.0,1700.77763369,2005.71031962,1020000.0,121903.60930155,6208.02605041
BTC_JPY,2020-05-29T01:27:24.09,12790889,1019699.0,1020339.0,0.1,1.0,1699.60393369,2006.36353657,1020000.0,121900.73538897,6207.45084527
BTC_JPY,2020-05-29T01:30:09.41,12793765,1019530.0,1020326.0,0.1,0.5532,1704.69912369,2009.3202196,1020000.0,121737.00604579,6202.89361165
BTC_JPY,2020-05-29T01:30:14.55,12793854,1019545.0,1020339.0,0.31,0.55,1704.7763237,2008.27043656,1020000.0,121734.16324579,6202.89361165
BTC_JPY,2020-05-29T01:30:19.593,12794028,1020141.0,1020806.0,0.6576,0.1,1700.72658266,2005.93593948,1020620.0,121754.62512946,6203.47361265
BTC_JPY,2020-05-29T01:30:23.93,12794122,1020155.0,1020904.0,0.1,0.00499999,1700.45898266,2005.42777845,1020904.0,121763.75867357,6203.78781265
BTC_JPY,2020-05-29T01:30:28.517,12794203,1020168.0,1020904.0,0.1,0.00499999,1704.19328267,2005.06157845,1020904.0,121778.52181648,6203.46495556
BTC_JPY,2020-05-29T01:30:34.42,12794309,1020283.0,1020904.0,0.25,0.00499999,1702.62234064,2004.71303643,1020904.0,121784.90855402,6203.46495556
BTC_JPY,2020-05-29T01:30:38.95,12794395,1020292.0,1021000.0,0.3,0.001,1703.78674859,2005.42344438,1020904.0,121773.47730583,6201.23895555
BTC_JPY,2020-05-29T01:30:44.463,12794489,1020506.0,1021171.0,0.26999999,0.3,1702.04174846,2004.15423644,1021031.0,121772.11267742,6201.78895581
BTC_JPY,2020-05-29T01:30:49.46,12794577,1020517.0,1021171.0,0.31,0.3,1702.30270821,2004.471764,1021031.0,121766.11391116,6201.78895581
BTC_JPY,2020-05-29T01:30:54.59,12794667,1020529.0,1021171.0,0.1,0.3,1701.39450822,2004.468364,1021031.0,121769.24534338,6201.78895581
BTC_JPY,2020-05-29T01:30:59.607,12794770,1020542.0,1021171.0,0.1,0.3,1700.97260822,2004.02893644,1021031.0,121774.73464038,6201.78895581
BTC_JPY,2020-05-29T01:31:03.953,12794854,1020547.0,1021031.0,0.03,1.0,1702.48260821,2008.03942507,1020547.0,121776.17433147,6202.05895581
BTC_JPY,2020-05-29T01:31:08.853,12794917,1020554.0,1021031.0,0.15,1.0,1703.28068726,2007.37961305,1020547.0,121779.19318285,6202.05895581
BTC_JPY,2020-05-29T01:31:14.28,12795020,1020566.0,1021031.0,0.1,0.69999987,1701.64268713,2006.48077942,1021031.0,121785.55037071,6202.31408067
BTC_JPY,2020-05-29T01:31:19.37,12795150,1021031.0,1021171.0,0.38045026,0.3,1704.56233752,2006.36117955,1021031.0,121785.34165058,6203.01408054
BTC_JPY,2020-05-29T01:31:23.177,12795195,1021031.0,1021171.0,0.38045026,0.3,1702.45013752,2007.32007968,1021031.0,121785.06236276,6203.01408054
BTC_JPY,2020-05-29T01:31:28.83,12795250,1021031.0,1021171.0,0.38045026,0.3,1704.26514954,2006.71967968,1021031.0,121785.52777727,6203.01408054
BTC_JPY,2020-05-29T01:31:34.02,12795295,1021031.0,1021171.0,0.38045026,0.3,1703.95814954,2006.39967968,1021031.0,121786.69535898,6202.65408054
BTC_JPY,2020-05-29T01:31:38.32,12795334,1021031.0,1021171.0,0.38045026,0.27,1704.58314954,2006.73263968,1021171.0,121770.04288528,6202.36408054
BTC_JPY,2020-05-29T01:31:44.6,12795404,1021400.0,1021486.0,0.21,0.3377,1705.78404954,2005.73224086,1021260.0,121760.82699702,6202.48408054
BTC_JPY,2020-05-29T01:31:48.967,12795481,1021032.0,1021477.0,0.1,0.28,1705.91900635,2006.46989201,1021400.0,121757.85845352,6202.69408054
BTC_JPY,2020-05-29T01:31:54.407,12795541,1021032.0,1021477.0,0.1,0.28,1704.16679091,2004.79995201,1021464.0,121761.67417246,6202.69508054
BTC_JPY,2020-05-29T01:31:59.61,12795594,1021032.0,1021447.0,0.1,0.32,1700.28698153,2004.84138201,1021464.0,121762.09631564,6202.69508054
BTC_JPY,2020-05-29T01:32:03.79,12795646,1021031.0,1021445.0,0.32161026,0.1,1704.11814153,2003.76368201,1021031.0,121758.14895013,6202.85392054
BTC_JPY,2020-05-29T01:32:09.49,12795717,1021032.0,1021447.0,0.1,0.32,1704.70630954,2002.5763352,1021031.0,121759.04395251,6202.85392054
BTC_JPY,2020-05-29T01:32:13.84,12795742,1021032.0,1021436.0,0.1,0.28,1704.71630954,2002.8138952,1021031.0,121758.29933501,6202.85392054
BTC_JPY,2020-05-29T01:32:18.793,12795835,1020554.0,1021001.0,0.05,0.3,1697.89439916,2005.08973656,1021031.0,121771.49252304,6203.2755308
BTC_JPY,2020-05-29T01:32:24.127,12795991,1020500.0,1021111.0,0.01,0.05,1700.23259915,2005.45393643,1020974.0,121788.51363819,6204.4603358
BTC_JPY,2020-05-29T01:35:09.327,12799212,1021638.0,1021967.0,0.31,0.1,1702.17078022,2005.92169638,1021584.0,121748.89118087,6199.2290035
BTC_JPY,2020-05-29T01:35:14.21,12799319,1021680.0,1021967.0,0.05,0.1,1705.64728022,2006.86667638,1021584.0,121742.54325267,6199.2290035
BTC_JPY,2020-05-29T01:35:18.913,12799394,1021632.0,1021967.0,0.05,0.1,1708.76268022,2005.5753522999998,1021584.0,121741.00707135,6199.2290035
BTC_JPY,2020-05-29T01:35:24.793,12799473,1021641.0,1021967.0,0.05,0.1,1706.76408009,2006.05059638,1021584.0,121741.91634755,6199.2290035
BTC_JPY,2020-05-29T01:35:29.297,12799529,1021613.0,1021967.0,0.35,0.1,1706.55408022,2005.5504822999999,1021612.0,121737.01634755,6199.419003499997
BTC_JPY,2020-05-29T01:35:33.88,12799637,1021624.0,1022569.0,0.39608969,0.1,1706.99162583,2005.0501318,1021967.0,121756.62424289,6198.99891356
BTC_JPY,2020-05-29T01:35:38.52,12799751,1021967.0,1022280.0,0.1,1.13,1707.39162582,2006.7118718,1021967.0,121762.22313068,6198.99891356
BTC_JPY,2020-05-29T01:35:43.727,12799841,1021978.0,1022280.0,0.2,1.13,1708.05929582,2006.10404211,1021967.0,121762.43707863,6198.99891356
BTC_JPY,2020-05-29T01:35:48.893,12799934,1022038.0,1022280.0,0.05,0.69789221,1706.30060614,2006.1125368,1022280.0,121747.36209677,6198.09713136
BTC_JPY,2020-05-29T01:35:54.387,12800029,1022281.0,1022554.0,0.05,0.04144,1706.58638728,2005.40946331,1022570.0,121741.00075033,6198.18713136
BTC_JPY,2020-05-29T01:35:59.76,12800069,1022281.0,1022569.0,0.05,0.2,1706.92465211,2005.45791101,1022570.0,121742.09428789,6198.18713136
BTC_JPY,2020-05-29T01:36:04.653,12800186,1022050.0,1022815.0,0.2,0.04137,1705.89175211,2005.2993221000002,1022570.0,121739.37534911,6197.18713136
BTC_JPY,2020-05-29T01:36:09.517,12800328,1022343.0,1022949.0,0.5187,0.1,1707.31175209,2004.214921,1022570.0,121742.83355092,6197.22063136
BTC_JPY,2020-05-29T01:36:14.2,12800517,1022666.0,1023187.0,0.5636,0.32,1705.88978319,2002.13025283,1023108.0,121757.80750629,6197.97013136
BTC_JPY,2020-05-29T01:36:19.137,12800697,1022380.0,1022916.0,0.05,0.14,1706.8781438,2006.30127209,1023108.0,121764.42796438,6197.98833136
BTC_JPY,2020-05-29T01:36:24.247,12800849,1022154.0,1022935.0,0.3801,0.04835,1704.21664393,2001.97436283,1023108.0,121763.20081246,6197.98833136
BTC_JPY,2020-05-29T01:36:29.577,12800989,1022170.0,1022893.0,0.15,0.04222,1708.75404393,2001.14833283,1023108.0,121763.693423,6197.98833136
BTC_JPY,2020-05-29T01:36:34.457,12801125,1022208.0,1023107.0,0.1,0.5105,1703.56034393,2001.51761283,1022881.0,121763.8908921,6198.18833136
BTC_JPY,2020-05-29T01:36:39.687,12801301,1022297.0,1023110.0,0.26999999,0.04025,1709.94618318,2000.1317020999998,1022233.0,121764.98399868,6198.23833136
BTC_JPY,2020-05-29T01:36:44.49,12801427,1022570.0,1023184.0,0.0674,0.1,1703.26918318,2001.66825164,1022233.0,121765.73437224,6198.23833136
BTC_JPY,2020-05-29T01:36:49.637,12801576,1022307.0,1023014.0,0.5068,0.32,1704.52985573,2000.95955223,1022302.0,121769.83849960001,6198.34832937
BTC_JPY,2020-05-29T01:36:54.057,12801684,1022304.0,1022974.0,0.05,0.04202,1705.94025587,2000.4344721,1022307.0,121765.79714087,6198.33982937
BTC_JPY,2020-05-29T01:36:59.21,12801819,1022336.0,1023205.0,0.5068,0.32,1705.61395587,2001.60052296,1022307.0,121762.71257589998,6198.07590215
BTC_JPY,2020-05-29T01:37:04.453,12801934,1022303.0,1023102.0,0.5037,0.012,1705.54525574,2000.91025222,1022304.0,121762.76820532,6198.08590215
BTC_JPY,2020-05-29T01:37:08.947,12802030,1022505.0,1023081.0,0.5037,0.047389999999999995,1705.37058321,2001.52751413,1022304.0,121764.32873012,6198.08590215
BTC_JPY,2020-05-29T01:37:13.883,12802115,1022500.0,1023059.0,0.1,0.1,1704.88655512,2004.29892222,1022304.0,121764.42273012,6198.08590215
BTC_JPY,2020-05-29T01:37:18.62,12802151,1022500.0,1022975.0,0.1,0.044860000000000004,1707.54655512,2005.05791222,1022304.0,121760.09843686,6198.08590215
BTC_JPY,2020-05-29T01:37:24.72,12802225,1022502.0,1023102.0,0.1,0.012,1709.57885512,2004.24762413,1022980.0,121761.23180453,6198.58590215
BTC_JPY,2020-05-29T01:40:09.373,12805404,1021011.0,1021712.0,0.15,0.0199,1705.89259662,2005.74587813,1021494.0,121907.8235467,6209.12554856
BTC_JPY,2020-05-29T01:40:13.727,12805496,1021042.0,1021711.0,0.4896,0.05,1707.39159663,2004.46792813,1021494.0,121911.18450199,6209.12554856
BTC_JPY,2020-05-29T01:40:19.11,12805605,1021078.0,1021712.0,0.15,0.0199,1708.00399663,2004.30365223,1021494.0,121904.71978317,6208.82554843
BTC_JPY,2020-05-29T01:40:24.51,12805759,1021244.0,1021966.0,0.15,0.05,1708.75941193,2004.37765344,1021712.0,121905.62775716,6208.24544817
BTC_JPY,2020-05-29T01:40:29.387,12805874,1021278.0,1021966.0,0.05,0.05,1710.42371191,2005.23783357,1021712.0,121905.08686371,6207.39544791
BTC_JPY,2020-05-29T01:40:33.54,12805933,1021316.0,1021966.0,0.4896,0.05,1710.63923195,2004.70747348,1021712.0,121901.32257836,6207.39544791
BTC_JPY,2020-05-29T01:40:39.163,12806028,1021344.0,1021966.0,0.1,0.05,1711.35723195,2003.82755348,1021712.0,121899.456684,6207.39544791
BTC_JPY,2020-05-29T01:40:43.85,12806142,1021382.0,1021966.0,0.15,0.05,1710.75663195,2003.81527348,1021712.0,121899.900484,6207.32534791
BTC_JPY,2020-05-29T01:40:49.313,12806247,1021409.0,1021966.0,0.4863,0.05,1710.94823195,2004.12728348,1021712.0,121899.02022411,6207.07534791
BTC_JPY,2020-05-29T01:40:54.57,12806368,1021197.0,1021843.0,0.098,0.1,1708.90583196,2005.04632348,1021712.0,121906.29964333,6207.07534791
BTC_JPY,2020-05-29T01:40:59.123,12806449,1021197.0,1021829.0,0.098,0.102,1707.49781071,2006.49547348,1021712.0,121908.34024958,6206.83534791
BTC_JPY,2020-05-29T01:41:03.98,12806534,1021185.0,1021712.0,0.1,0.16899999999999998,1706.14053196,2005.08020348,1021712.0,121909.40116838,6206.79534791
BTC_JPY,2020-05-29T01:41:09.587,12806606,1021185.0,1021712.0,0.2,0.13,1708.75943196,2005.79614335,1021712.0,121908.09312056,6206.82334791
BTC_JPY,2020-05-29T01:41:14.38,12806682,1021185.0,1021719.0,0.1,0.05,1709.54812847,2006.15280999,1021721.0,121908.98608556,6207.02334791
BTC_JPY,2020-05-29T01:41:19.1,12806745,1021185.0,1021790.0,0.1,0.32,1709.67012847,2006.12756999,1021721.0,121905.81982109,6206.82334791
BTC_JPY,2020-05-29T01:41:23.953,12806816,1021156.0,1021766.0,0.26999999,0.05,1709.36511072,2006.98196999,1021721.0,121900.30114673,6206.82334791
BTC_JPY,2020-05-29T01:41:28.57,12806881,1021000.0,1021606.0,0.01,0.32,1709.48352849,2007.50186999,1021721.0,121899.44125380002,6206.81334691
BTC_JPY,2020-05-29T01:41:34.573,12807023,1020969.0,1021663.0,0.1,0.32,1708.56802849,2006.49616999,1021606.0,121897.21329497,6206.94657178
BTC_JPY,2020-05-29T01:41:39.213,12807134,1020968.0,1021670.0,0.4767,0.05,1709.46872849,2007.72626999,1021606.0,121896.41798814,6206.44657178
BTC_JPY,2020-05-29T01:41:43.777,12807252,1020771.0,1021431.0,0.15,0.2,1706.99682125,2005.68076275,1021169.0,121896.75882504,6206.81848666
BTC_JPY,2020-05-29T01:41:48.92,12807348,1020735.0,1021431.0,0.1,0.2,1706.88132126,2005.90595275,1021169.0,121895.78987722,6206.81848666
BTC_JPY,2020-05-29T01:41:53.73,12807432,1020772.0,1021431.0,0.15,0.2,1707.51132112,2006.94636427,1020735.0,121896.95456921,6206.83009714
BTC_JPY,2020-05-29T01:41:58.827,12807539,1020814.0,1021431.0,0.4695,0.2,1704.88882124,2007.11538427,1020735.0,121896.62781174,6206.73009714
BTC_JPY,2020-05-29T01:42:04.847,12807678,1020807.0,1021430.0,0.07677715,0.1902,1709.6826559,2007.17794971,1020819.0,121895.31715251,6206.75331999
BTC_JPY,2020-05-29T01:42:09.083,12807765,1020814.0,1021431.0,0.5695,0.2,1707.81587862,2006.97134971,1020819.0,121887.87641245,6201.52331699
BTC_JPY,2020-05-29T01:42:14.54,12807888,1020857.0,1021431.0,0.4695,0.2,1708.73587875,2006.99245521,1020831.0,121884.24371134,6201.07653986
BTC_JPY,2020-05-29T01:42:19.903,12808015,1021019.0,1021431.0,0.6195,0.2,1703.61587875,2008.74186055,1020831.0,121883.66167204,6201.07653986
BTC_JPY,2020-05-29T01:42:23.797,12808117,1021037.0,1021431.0,0.4604,0.2,1702.97677875,2009.38535055,1021035.0,121886.37695052,6201.44845973
BTC_JPY,2020-05-29T01:45:08.607,12811015,1019565.0,1019984.0,0.5,0.06966559,1714.40803066,2009.47922183,1019566.0,121967.67378800001,6204.44545219
BTC_JPY,2020-05-29T01:45:14.3,12811074,1019566.0,1019993.0,0.1,0.4652,1714.5192862999993,2009.55422624,1019566.0,121969.56940638,6204.59395219
BTC_JPY,2020-05-29T01:45:18.863,12811104,1019566.0,1019993.0,0.1,0.4652,1713.9092862999994,2010.60422624,1019566.0,121971.08100638,6204.59395219
BTC_JPY,2020-05-29T01:45:23.193,12811138,1019566.0,1019993.0,0.1,0.4652,1713.9382862999994,2010.75588624,1019566.0,121972.59554127,6204.59395219
BTC_JPY,2020-05-29T01:45:28.96,12811175,1019566.0,1019993.0,0.07678412,0.4552,1713.60486825,2009.5048305999999,1019566.0,121970.78087177,6204.62716807
BTC_JPY,2020-05-29T01:45:34.123,12811228,1019566.0,1019890.0,1.075,0.4652,1714.38308413,2009.60981036,1019566.0,121969.82807282,6204.62716807
BTC_JPY,2020-05-29T01:45:38.777,12811265,1019566.0,1019892.0,1.05178513,0.2,1715.44003555,2010.06440036,1019566.0,121946.18407639,6203.54957386
BTC_JPY,2020-05-29T01:45:44.187,12811318,1019566.0,1019892.0,0.85178513,0.2,1714.25603555,2009.96370036,1019566.0,121937.95858161,6203.73957386
BTC_JPY,2020-05-29T01:45:49.14,12811357,1019566.0,1019891.0,0.80535338,0.30000013,1713.99960393,2010.14940049,1019566.0,121940.07501336,6203.78600561
BTC_JPY,2020-05-29T01:45:54.613,12811410,1019566.0,1019867.0,0.77205338,0.4645,1713.83630393,2010.68010049,1019566.0,121942.24831336,6203.81930561
BTC_JPY,2020-05-29T01:45:59.353,12811467,1019566.0,1019864.0,0.70954323,0.1,1714.23779378,2009.99229036,1019566.0,121945.92348781,6203.88181576
BTC_JPY,2020-05-29T01:46:04.203,12811531,1019503.0,1019564.0,0.1,0.09288147,1711.98535094,2010.50405222,1019565.0,121954.87257075,6205.09135899
BTC_JPY,2020-05-29T01:46:09.28,12811635,1019514.0,1019892.0,0.03,0.2,1712.1060508,2008.55940733,1019890.0,121967.21582916,6205.3926174
BTC_JPY,2020-05-29T01:46:14.317,12811774,1020015.0,1020284.0,0.08800000000000001,0.32,1707.68722436,2008.22610733,1020172.0,121983.74782164,6205.71189939
BTC_JPY,2020-05-29T01:46:18.797,12811935,1020038.0,1020466.0,0.02,0.056899,1707.42377407,2008.28580632,1020027.0,122010.92289858,6206.05349734
BTC_JPY,2020-05-29T01:46:23.87,12812073,1020038.0,1020855.0,0.02,0.05,1707.26807394,2008.96594769,1020027.0,122017.10889488,6206.05349734
BTC_JPY,2020-05-29T01:46:29.537,12812257,1020306.0,1020910.0,0.15,0.095,1710.41411725,2007.26379087,1020173.0,122032.40063559,6207.12009403
BTC_JPY,2020-05-29T01:46:34.83,12812400,1020509.0,1020910.0,0.4807,0.095,1710.41451725,2008.94929087,1020173.0,122029.5011172,6206.57029403
BTC_JPY,2020-05-29T01:46:39.207,12812493,1020528.0,1020910.0,0.4781,0.095,1709.62611407,2009.21779087,1020617.0,122032.81580101,6206.96497784
BTC_JPY,2020-05-29T01:46:44.66,12812653,1020911.0,1021387.0,0.05,0.1,1708.52643064,2004.25450733,1021191.0,122045.60810063,6208.3206899
BTC_JPY,2020-05-29T01:46:49.7,12812802,1020550.0,1020923.0,0.1,0.027999999999999997,1707.16823064,2006.80498846,1020923.0,122060.50919512,6208.57868439
BTC_JPY,2020-05-29T01:46:53.67,12812882,1020513.0,1020923.0,0.02,0.027999999999999997,1708.12523064,2007.38889924,1020923.0,122066.63295654,6208.57868439
BTC_JPY,2020-05-29T01:46:59.153,12813011,1020211.0,1020907.0,0.3185,0.096,1707.40632241,2007.35429924,1020199.0,122070.65701943,6208.69409262
BTC_JPY,2020-05-29T01:47:03.493,12813125,1020200.0,1020340.0,0.4095,0.3484,1709.12370407,2007.52532732,1020199.0,122073.15693481,6208.69409262
BTC_JPY,2020-05-29T01:47:08.743,12813183,1020200.0,1020799.0,0.37270259,0.05,1709.09290666,2006.65900076,1020340.0,122075.87218236,6208.87929003
BTC_JPY,2020-05-29T01:47:14.713,12813345,1020199.0,1020639.0,1.0,0.02,1708.21514921,2007.86650639,1020340.0,122076.70583204,6208.67929003
BTC_JPY,2020-05-29T01:47:18.877,12813478,1020044.0,1020596.0,0.26999999,0.2,1707.74770407,2009.62095125,1020098.0,122079.34684351,6210.46929002
BTC_JPY,2020-05-29T01:47:24.613,12813628,1020044.0,1020538.0,0.26999999,0.02,1708.70380407,2008.23852769,1020098.0,122078.9230638,6210.46929002
BTC_JPY,2020-05-29T01:50:09.067,12817205,1022018.0,1022410.0,0.5558,1.57,1692.70323066,2001.13029934,1022410.0,122167.10115026,6221.82454899
BTC_JPY,2020-05-29T01:50:14.023,12817269,1022026.0,1022487.0,0.6038,0.27,1712.16129678,1999.78882384,1022020.0,122164.51473218,6222.02614944
BTC_JPY,2020-05-29T01:50:18.983,12817360,1021648.0,1022343.0,0.31,0.26999999,1711.95649678,2001.69462384,1022015.0,122164.32228937,6222.12614944
BTC_JPY,2020-05-29T01:50:24.64,12817520,1021340.0,1022290.0,0.15,0.0415,1711.54779868,2002.52642577,1021339.0,122188.19753161,6222.13775388
BTC_JPY,2020-05-29T01:50:29.333,12817644,1021348.0,1022243.0,0.15,0.1,1711.45849868,2002.63982577,1021339.0,122184.27811224,6222.13775388
BTC_JPY,2020-05-29T01:50:34.063,12817789,1021741.0,1022392.0,0.25,0.27,1713.29449881,2002.06859426,1021352.0,122190.27567304,6222.14935682
BTC_JPY,2020-05-29T01:50:38.893,12817923,1021772.0,1022489.0,0.3,0.27,1715.13773226,2001.72315772,1021352.0,122191.44151116,6218.24523039
BTC_JPY,2020-05-29T01:50:43.787,12818042,1021787.0,1022466.0,0.4948,0.04905,1712.99953076,2002.42500922,1022473.0,122188.87007397,6213.48383596
BTC_JPY,2020-05-29T01:50:49.38,12818171,1022106.0,1022484.0,0.4948,0.04119,1715.07559755,2006.90044922,1022473.0,122189.76640971,6207.36595727
BTC_JPY,2020-05-29T01:50:54.32,12818258,1022050.0,1022457.0,0.32,0.16,1715.57169865,2007.38920451,1022068.0,122192.99560861,6207.38915617
BTC_JPY,2020-05-29T01:50:59.03,12818349,1022053.0,1022500.0,0.1768011,0.01,1716.09699865,2007.02382451,1022163.0,122197.04605571,6207.48915617
BTC_JPY,2020-05-29T01:51:04.367,12818544,1023207.0,1023622.0,0.15,1.0392,1716.40751183,2003.5110271,1023622.0,122224.65489918,6209.11169567
BTC_JPY,2020-05-29T01:51:09.103,12818699,1022552.0,1023143.0,0.26000197,0.102,1707.94768805,2010.31538185,1022552.0,122247.7885295,6209.68164056
BTC_JPY,2020-05-29T01:51:14.053,12818830,1022579.0,1023215.0,0.4835,0.1,1716.17872423,2009.05749377,1022552.0,122261.18890218,6209.51164056
BTC_JPY,2020-05-29T01:51:18.92,12818943,1022893.0,1023215.0,0.31,0.07,1710.26428818,2007.75420832,1023215.0,122275.1994793,6209.54664056
BTC_JPY,2020-05-29T01:51:24.223,12819053,1022559.0,1022910.0,0.31,0.68,1713.97228818,2010.54049526,1022910.0,122278.31433528,6209.46864056
BTC_JPY,2020-05-29T01:51:28.66,12819133,1022576.0,1022910.0,0.1,0.68,1713.50767882,2009.22925768,1022552.0,122281.10715013,6208.980247500002
BTC_JPY,2020-05-29T01:51:34.333,12819232,1022596.0,1022910.0,0.15,0.68,1715.34391743,2011.15949387,1022566.0,122282.56252675,6209.8402475
BTC_JPY,2020-05-29T01:51:38.833,12819352,1022625.0,1023216.0,0.1,0.21999999,1718.92889201,2009.59258845,1022611.0,122294.69763732,6209.9702475
BTC_JPY,2020-05-29T01:51:43.797,12819459,1022698.0,1023215.0,0.1,0.4886,1717.68297445,2009.54287102,1022611.0,122295.76343083,6209.060247500001
BTC_JPY,2020-05-29T01:51:49.843,12819538,1022710.0,1023215.0,0.15,0.4886,1717.21597458,2009.26315102,1022611.0,122295.12629475,6209.060247500001
BTC_JPY,2020-05-29T01:51:54.55,12819647,1023004.0,1023493.0,0.3225,0.26999999,1719.77963586,2006.98625769,1023216.0,122297.43790567,6209.39185842
BTC_JPY,2020-05-29T01:51:59.68,12819778,1023056.0,1023493.0,0.1,0.24999999,1717.15174043,2009.28628688,1023493.0,122299.23815223,6208.3258582
BTC_JPY,2020-05-29T01:52:03.71,12819862,1023097.0,1023500.0,0.4816,0.22999999,1718.86234043,2009.18833688,1023095.0,122300.2787406,6208.3127582
BTC_JPY,2020-05-29T01:52:08.917,12819973,1023149.0,1023500.0,0.05,0.22999999,1716.38814595,2009.48086688,1023124.0,122290.39016433,6208.29445566
BTC_JPY,2020-05-29T01:52:13.35,12820051,1023172.0,1023499.0,0.1,0.2845,1714.50796621,2009.47753689,1023124.0,122296.90914118,6208.29445566
BTC_JPY,2020-05-29T01:52:18.757,12820143,1022612.0,1023343.0,0.05,0.4788,1715.48376241,2008.71145391,1023172.0,122313.00742189998,6208.05445566
BTC_JPY,2020-05-29T01:52:24.913,12820240,1022625.0,1023470.0,0.1,0.4788,1718.15676241,2008.22685771,1023172.0,122316.98668375,6208.04517566
BTC_JPY,2020-05-29T01:55:09.617,12823911,1022100.0,1022606.0,0.86,0.05,1717.1674910999998,2012.31916962,1022323.0,122332.89301965,6206.70916293
BTC_JPY,2020-05-29T01:55:13.783,12823990,1022100.0,1022545.0,0.86,0.5766,1717.4974911,2012.66016962,1022323.0,122334.03141915,6206.68756243
BTC_JPY,2020-05-29T01:55:19.39,12824093,1022100.0,1022537.0,0.86,0.04228,1719.3561911,2012.61876186,1022323.0,122334.06981915,6206.56696243
BTC_JPY,2020-05-29T01:55:23.663,12824177,1022100.0,1022420.0,0.86,0.32,1718.79539109,2012.29967186,1022323.0,122333.32819787,6206.56696243
BTC_JPY,2020-05-29T01:55:29.77,12824228,1022101.0,1022469.0,0.2902,0.05,1718.77649212,2012.68361026,1022323.0,122332.17517319998,6206.56696243
BTC_JPY,2020-05-29T01:55:34.187,12824325,1022100.0,1022468.0,0.86,0.4766,1718.36406618,2012.54115026,1022323.0,122321.34683448,6206.46446243
BTC_JPY,2020-05-29T01:55:39.443,12824410,1022100.0,1022458.0,0.65632648,0.05,1719.21061859,2013.20125039,1022100.0,122322.42729457,6206.51156595
BTC_JPY,2020-05-29T01:55:43.63,12824464,1022100.0,1022323.0,0.65632648,0.35,1718.24061859,2013.63207039,1022100.0,122322.84027639,6206.51156595
BTC_JPY,2020-05-29T01:55:49.22,12824488,1022100.0,1022321.0,0.65632648,0.4757,1717.6406186000006,2013.51775039,1022100.0,122322.03127639,6206.51156595
BTC_JPY,2020-05-29T01:55:54.633,12824564,1022100.0,1022323.0,0.00132748,0.35,1717.6621195999999,2013.18751026,1022100.0,122327.34392253,6207.16656495
BTC_JPY,2020-05-29T01:55:59.543,12824680,1021640.0,1022308.0,0.4838,0.4445,1718.16517858,2014.39989943,1022100.0,122324.81228845,6207.16789243
BTC_JPY,2020-05-29T01:56:04.083,12824803,1021677.0,1022301.0,0.6338,0.1,1719.29277857,2012.28338705,1022100.0,122332.76264553,6207.16789243
BTC_JPY,2020-05-29T01:56:09.81,12824961,1021695.0,1022322.0,0.4838,0.06128784,1720.29089072,2013.73201727,1022322.0,122339.78646589999,6207.17789343
BTC_JPY,2020-05-29T01:56:14.02,12825057,1021708.0,1022322.0,0.4837,0.06128784,1719.7429925000001,2013.72640121,1022322.0,122334.63084032,6204.37789343
BTC_JPY,2020-05-29T01:56:19.103,12825147,1021722.0,1022323.0,0.25,0.48355044,1719.11789211,2013.08631082,1022323.0,122341.2073159,6204.54789343
BTC_JPY,2020-05-29T01:56:24.01,12825241,1021735.0,1022100.0,0.5276,0.005,1718.0348920000001,2013.36638082,1022323.0,122340.52568215,6204.54789343
BTC_JPY,2020-05-29T01:56:29.337,12825335,1021646.0,1022100.0,0.45,0.005,1718.8886186,2015.36330382,1022099.0,122340.24808215,6204.80029343
BTC_JPY,2020-05-29T01:56:33.827,12825397,1021657.0,1022100.0,0.4724,0.005,1718.6290186,2015.35312382,1022099.0,122340.69097723,6204.79829343
BTC_JPY,2020-05-29T01:56:39.207,12825477,1021666.0,1022100.0,0.6224,0.005,1718.65287897,2015.44856382,1022099.0,122332.67297710001,6204.79829343
BTC_JPY,2020-05-29T01:56:44.527,12825571,1021679.0,1022098.0,0.15,0.1,1718.72987897,2015.53028255,1022099.0,122327.67166555,6204.79829343
BTC_JPY,2020-05-29T01:56:48.85,12825638,1021689.0,1022098.0,0.2,0.1,1717.79847897,2013.86400242,1022099.0,122330.17355713,6204.79529343
BTC_JPY,2020-05-29T01:56:54.583,12825812,1022237.0,1022469.0,0.15,0.05,1716.06429212,2014.73673022,1022323.0,122345.14930765,6206.11854853
BTC_JPY,2020-05-29T01:56:59.303,12825872,1022245.0,1022469.0,0.5686,0.05,1718.85289212,2014.64606022,1022323.0,122346.16835397,6206.11854853
BTC_JPY,2020-05-29T01:57:04.48,12825980,1022256.0,1022469.0,0.6033,0.05,1718.90759212,2014.45277023,1022323.0,122341.99454393,6206.08854853
BTC_JPY,2020-05-29T01:57:09.12,12826070,1022267.0,1022469.0,0.1,0.05,1719.21629213,2014.42677023,1022323.0,122339.87078555,6206.08854853
BTC_JPY,2020-05-29T01:57:13.997,12826125,1022270.0,1022469.0,0.15,0.05,1718.05284213,2014.45362023,1022323.0,122343.38343484,6206.08854853
BTC_JPY,2020-05-29T01:57:19.143,12826206,1022278.0,1022950.0,0.1,0.25,1719.49684213,2014.77582939,1022469.0,122343.87292703,6206.13854853
BTC_JPY,2020-05-29T01:57:24.423,12826310,1022289.0,1022971.0,0.1955,0.4686,1719.05228555,2014.96991281,1022469.0,122342.55610027,6206.13854853
