product_code,timestamp,tick_id,best_bid,best_ask,best_bid_size,best_ask_size,total_bid_depth,total_ask_depth,ltp,volume,volume_by_product
BTC_JPY,2020-05-20T04:42:23.65,5949025,1048321.0,1048939.0,0.29,0.5573,2175.50834779,1703.13166602,1048321.0,132657.65697821,8043.95649655
BTC_JPY,2020-05-20T04:42:28.397,5949110,1048321.0,1048930.0,0.29,0.2,2174.35834779,1702.55447602,1048321.0,132656.24510496,8043.95649655
BTC_JPY,2020-05-20T04:42:34.143,5949213,1048321.0,1048917.0,0.29,0.15,2174.35834779,1702.22607602,1048321.0,132647.07272222,8043.85449655
BTC_JPY,2020-05-20T04:42:38.217,5949286,1048321.0,1048908.0,0.29,0.15,2174.35034779,1702.26592602,1048321.0,132643.29619154,8043.84499655
BTC_JPY,2020-05-20T04:42:43.1,5949363,1048321.0,1048897.0,0.36,0.5377,2174.43034779,1702.47535549,1048321.0,132642.91749559,8043.84499655
BTC_JPY,2020-05-20T04:42:48.26,5949463,1048321.0,1048885.0,0.36,0.15,2175.99084779,1702.45630602,1048321.0,132643.04754998,8043.82499655
BTC_JPY,2020-05-20T04:42:53.107,5949565,1048322.0,1048877.0,0.511,0.05,2176.62634764,1699.54516549,1048321.0,132637.74124676,8043.81999655
BTC_JPY,2020-05-20T04:42:58.467,5949655,1048571.0,1048999.0,0.32,0.0989998,2177.98134775,1691.91453431,1048999.0,132642.44494731,8043.72099675
BTC_JPY,2020-05-20T04:43:03.287,5949723,1048958.0,1048999.0,0.32,0.0989998,2179.58705122,1696.77654108,1048999.0,132650.04668329,8043.72099675
BTC_JPY,2020-05-20T04:43:08.363,5949851,1048999.0,1049000.0,0.42,6.1891624000000025,2180.84508952,1681.72966477,1049000.0,132669.51064985,8049.78723529
BTC_JPY,2020-05-20T04:43:13.713,5949881,1048999.0,1049000.0,0.42,6.1891624000000025,2179.83478965,1692.07441531,1049000.0,132654.14689028,8039.81238402
BTC_JPY,2020-05-20T04:43:18.207,5949909,1048999.0,1049000.0,0.42,6.1891624000000025,2179.96478965,1694.13406477,1049000.0,132652.56625158,8039.29197402
BTC_JPY,2020-05-20T04:43:23.467,5949938,1048999.0,1049000.0,0.42,5.8891624,2179.00994019,1693.82806477,1049000.0,132650.72874828,8039.19197389
BTC_JPY,2020-05-20T04:43:29.053,5949969,1048999.0,1049000.0,0.27,4.2891624,2179.56245712,1692.22404477,1049000.0,132664.1959034,8039.78097389
BTC_JPY,2020-05-20T04:43:32.727,5950003,1048999.0,1049000.0,0.27,4.2891624,2179.69715712,1693.21124477,1049000.0,132665.04219105,8039.65878243
BTC_JPY,2020-05-20T04:43:37.96,5950023,1048999.0,1049000.0,0.27,4.229162400000001,2181.67155712,1689.10304477,1049000.0,132666.37117118,8039.59678243
BTC_JPY,2020-05-20T04:43:43.413,5950036,1048999.0,1049000.0,0.27,4.229162400000001,2181.34845713,1691.14304477,1049000.0,132662.29298336,8039.22678243
BTC_JPY,2020-05-20T04:43:48.573,5950050,1048999.0,1049000.0,0.27,4.229162400000001,2181.69195712,1693.17429531,1049000.0,132661.70978336,8039.02678243
BTC_JPY,2020-05-20T04:43:53.76,5950091,1048999.0,1049000.0,0.42,3.38513774,2180.86165701,1691.33827065,1049000.0,132659.12816109,8039.87080709
BTC_JPY,2020-05-20T04:43:58.35,5950123,1048999.0,1049000.0,0.42,1.22313708,2180.39515716,1690.88101945,1049000.0,132655.91096085,8041.88280775
BTC_JPY,2020-05-20T04:44:03.243,5950156,1048999.0,1049000.0,0.42,0.62313682,2178.17645716,1690.13101919,1049000.0,132654.09634993,8041.48280801
BTC_JPY,2020-05-20T04:44:07.96,5950180,1048999.0,1049000.0,0.42,0.61363682,2182.40645716,1690.12151919,1049000.0,132651.36245022,8040.49230801
BTC_JPY,2020-05-20T04:44:13.07,5950199,1048999.0,1049000.0,0.42,0.61363682,2182.25845716,1690.12051919,1049000.0,132660.53229135,8040.49230801
BTC_JPY,2020-05-20T04:44:18.563,5950223,1048999.0,1049000.0,0.42,0.60263682,2182.41515716,1690.11051919,1049000.0,132660.22370031,8040.39330801
BTC_JPY,2020-05-20T04:44:23.933,5950322,1048825.0,1049000.0,0.32,0.60263682,2178.82252878,1689.96364919,1048999.0,132666.6113099,8040.65330801
BTC_JPY,2020-05-20T04:44:29.07,5950404,1048834.0,1049000.0,0.05,0.60263682,2176.85277839,1690.82734934,1048999.0,132661.51140421,8040.65330801
BTC_JPY,2020-05-20T04:44:33.27,5950433,1048843.0,1049000.0,0.15,0.55242678,2176.78430726,1690.7771392999994,1049000.0,132656.95779946,8040.65351805
BTC_JPY,2020-05-20T04:44:38.823,5950471,1048851.0,1049000.0,0.2,0.54242678,2177.77550726,1690.7294292999998,1049000.0,132652.51403244,8039.92651792
BTC_JPY,2020-05-20T04:45:04.013,5950745,1048321.0,1048998.0,0.1,0.2,2174.36627369,1680.8438383000002,1048611.0,132656.40258841,8040.13551792
BTC_JPY,2020-05-20T04:45:08.84,5950865,1048455.0,1048994.0,0.05,0.042480000000000004,2175.11297382,1691.44537027,1048611.0,132675.254492,8039.99051792
BTC_JPY,2020-05-20T04:45:14.073,5950933,1048461.0,1048994.0,0.05,0.042480000000000004,2176.22148117,1691.36037027,1048611.0,132680.54246668,8039.59051792
BTC_JPY,2020-05-20T04:45:19.107,5951003,1048358.0,1048986.0,0.2,0.4416,2175.57628117,1691.39309027,1048611.0,132680.10077776,8039.59051792
BTC_JPY,2020-05-20T04:45:23.453,5951085,1048323.0,1048994.0,0.2,0.041010000000000005,2175.72628117,1691.51090027,1048611.0,132687.53665391,8039.58051792
BTC_JPY,2020-05-20T04:45:28.96,5951159,1048352.0,1048994.0,0.25,0.00259,2174.58621235,1691.86041145,1048994.0,132662.11974745,8034.32492636
BTC_JPY,2020-05-20T04:45:33.807,5951272,1048380.0,1049000.0,0.5071,0.44042678,2178.57331235,1679.36343298,1048994.0,132654.0719907,8034.32492636
BTC_JPY,2020-05-20T04:45:38.073,5951380,1048411.0,1049000.0,0.6571,0.43042678,2173.83831235,1691.54069151,1049000.0,132646.60754448,8034.31492636
BTC_JPY,2020-05-20T04:45:43.317,5951517,1048554.0,1049000.0,0.807,0.43042678,2175.63341146,1691.18753298,1049000.0,132650.54762798,8034.31492636
BTC_JPY,2020-05-20T04:45:48.157,5951628,1048596.0,1049000.0,0.5078,0.43042678,2177.73121145,1691.85810062,1049000.0,132649.57639919,8034.31492636
BTC_JPY,2020-05-20T04:45:53.443,5951717,1048542.0,1049000.0,0.5075,0.43042678,2177.57031145,1691.54574062,1049000.0,132642.36249758,8034.19492636
BTC_JPY,2020-05-20T04:45:58.26,5951812,1048575.0,1049000.0,0.1,0.43042678,2177.86721145,1689.49674062,1049000.0,132626.80592985,8034.19492636
BTC_JPY,2020-05-20T04:46:04.217,5951876,1048604.0,1049000.0,0.05,0.51542678,2177.74931145,1691.28174049,1049000.0,132619.57543538,8034.04492636
BTC_JPY,2020-05-20T04:46:08.283,5951914,1048616.0,1049000.0,0.05,0.51542678,2176.90031145,1690.8095305,1049000.0,132618.03425567,8033.84492636
BTC_JPY,2020-05-20T04:46:13.71,5952001,1048373.0,1048995.0,0.2,0.04311,2175.66047381,1691.11518063,1049000.0,132610.00821616,8033.83492636
BTC_JPY,2020-05-20T04:46:19.11,5952080,1048412.0,1048995.0,0.2,0.04311,2177.56551145,1691.92668062,1049000.0,132609.96777703,8033.83492636
BTC_JPY,2020-05-20T04:46:24.013,5952136,1048441.0,1048995.0,0.15,0.01311,2176.10651145,1691.31168062,1048995.0,132602.24225261,8032.49031909
BTC_JPY,2020-05-20T04:46:28.84,5952196,1048361.0,1048995.0,0.2,0.01311,2175.76761219,1692.81868336,1048995.0,132596.1837329,8032.49031909
BTC_JPY,2020-05-20T04:46:33.643,5952298,1048400.0,1049000.0,0.2,0.51542678,2176.50551219,1689.07749337,1048998.0,132596.80025202,8032.29431909
BTC_JPY,2020-05-20T04:46:38.427,5952407,1048526.0,1049000.0,0.5314,0.51542678,2178.87781174,1691.91752038,1048998.0,132593.46988702,8032.29431909
BTC_JPY,2020-05-20T04:46:44.027,5952521,1048567.0,1049000.0,0.6809999999999999,0.56542678,2178.91561174,1691.96386038,1048998.0,132591.02576886,8032.29431909
BTC_JPY,2020-05-20T04:46:48.043,5952605,1048595.0,1049000.0,0.3,0.56542678,2174.95101175,1691.92829038,1048998.0,132590.27432404,8032.29431909
BTC_JPY,2020-05-20T04:46:53.61,5952686,1048632.0,1049000.0,0.2,0.56442658,2176.64231175,1691.96141018,1049000.0,132581.44661688,8032.28531929
BTC_JPY,2020-05-20T04:46:57.91,5952736,1048644.0,1049000.0,0.2,0.56442658,2177.91191146,1691.96528989,1049000.0,132573.46365635,8032.08531929
BTC_JPY,2020-05-20T04:47:03.743,5952765,1048647.0,1049000.0,0.05,0.56442658,2177.44191133,1691.65628976,1049000.0,132563.00806955,8031.86431829
BTC_JPY,2020-05-20T04:47:08.627,5952887,1049015.0,1049105.0,0.364,0.099,2179.75772487,1684.83215802,1049105.0,132573.33023919,8032.42974487
BTC_JPY,2020-05-20T04:47:13.28,5953007,1049291.0,1049724.0,0.3,0.0152,2179.56862487,1687.62933505,1049707.0,132585.65111544,8032.55874487
BTC_JPY,2020-05-20T04:47:19.137,5953151,1049304.0,1049758.0,0.3545,0.034730000000000004,2180.61413487,1689.63036492,1049300.0,132581.73287385,8032.19380487
BTC_JPY,2020-05-20T04:50:03.587,5955749,1048471.0,1048753.0,0.2,0.2,2177.55646099,1692.46453716,1048752.0,132499.29297465,8028.19606393
BTC_JPY,2020-05-20T04:50:08.78,5955807,1048499.0,1048753.0,0.2,0.2,2178.18436099,1693.26390979,1048752.0,132500.06480826,8028.19606393
BTC_JPY,2020-05-20T04:50:13.293,5955854,1048502.0,1048753.0,0.15,0.2,2176.29476112,1693.39420979,1048752.0,132495.09533575,8027.99606393
BTC_JPY,2020-05-20T04:50:18.767,5955901,1048752.0,1048753.0,0.004,0.2,2177.55496112,1692.32686979,1048752.0,132494.96097976,8027.99606393
BTC_JPY,2020-05-20T04:50:23.503,5955941,1048752.0,1048753.0,0.004,0.2,2176.95466112,1692.41616979,1048752.0,132493.12786976,8027.99606393
BTC_JPY,2020-05-20T04:50:28.93,5956017,1048351.0,1048753.0,0.3664,0.2,2175.41176112,1693.41624979,1048752.0,132490.1805408,8028.00006393
BTC_JPY,2020-05-20T04:50:33.13,5956151,1048108.0,1048959.0,0.1,0.32,2175.93793747,1690.33084423,1048106.0,132509.09911883,8042.23891103
BTC_JPY,2020-05-20T04:50:38.877,5956278,1048116.0,1048731.0,0.15,0.04166,2176.90793365,1681.96160054,1048106.0,132485.24878999,8040.52141406
BTC_JPY,2020-05-20T04:50:43.987,5956379,1048116.0,1048730.0,0.15,0.05,2176.84983365,1692.62894054,1048106.0,132477.52433289,8040.52141406
BTC_JPY,2020-05-20T04:50:48.993,5956462,1048109.0,1048725.0,0.306,0.05,2176.33243365,1692.62994054,1048106.0,132473.75252339,8040.52141406
BTC_JPY,2020-05-20T04:50:54.157,5956564,1048108.0,1048958.0,0.297,0.30000013,2173.78873365,1691.96994054,1048106.0,132472.52221599,8040.51141406
BTC_JPY,2020-05-20T04:50:58.417,5956701,1048167.0,1049133.0,0.5353,0.0542,2171.35973352,1691.91044054,1048154.0,132476.10605549,8040.50141206
BTC_JPY,2020-05-20T04:51:03.133,5956851,1048119.0,1048937.0,0.086,0.03773,2173.4851265,1691.87756339,1048171.0,132480.29329541,8040.71101206
BTC_JPY,2020-05-20T04:51:08.057,5956971,1048113.0,1048859.0,0.0858,0.05,2177.12275819,1691.92473339,1048171.0,132479.63556005,8040.71101206
BTC_JPY,2020-05-20T04:51:13.487,5957068,1048106.0,1048806.0,0.02,0.5823,2176.41855324,1693.35426844,1048859.0,132482.59170229,8040.07701206
BTC_JPY,2020-05-20T04:51:18.86,5957149,1048106.0,1048752.0,0.02,0.05,2177.31355324,1693.35012844,1048859.0,132488.64050297,8040.07701206
BTC_JPY,2020-05-20T04:51:23.893,5957206,1048106.0,1048699.0,0.02,0.5793,2177.15365324,1693.41792844,1048859.0,132516.46801294,8040.07701206
BTC_JPY,2020-05-20T04:51:28.377,5957277,1048000.0,1048668.0,0.52100005,0.5181,2176.43478086,1690.6604162,1048001.0,132520.4012751,8040.44201206
BTC_JPY,2020-05-20T04:51:33.89,5957398,1048000.0,1048573.0,0.49100005,0.32,2176.42947074,1690.85745637,1048000.0,132525.98345666,8040.47201206
BTC_JPY,2020-05-20T04:51:38.957,5957573,1047640.0,1047795.0,0.98,0.30000013,2171.71537512,1678.98304989,1047947.0,132546.6763037,8041.95701211
BTC_JPY,2020-05-20T04:51:44.03,5957715,1047640.0,1047947.0,0.37999974,0.5,2172.90461187,1681.19717765,1047640.0,132550.0018452,8042.55701237
BTC_JPY,2020-05-20T04:51:49.063,5957769,1047640.0,1047946.0,0.37999974,0.30000013,2178.00752852,1691.92787778,1047640.0,132554.05762153,8042.55701237
BTC_JPY,2020-05-20T04:51:53.557,5957795,1047523.0,1047941.0,0.00854,0.03769,2176.68631213,1691.57074778,1047640.0,132554.41221281,8042.55701237
BTC_JPY,2020-05-20T04:51:58.493,5957821,1047523.0,1047945.0,0.00854,0.1,2173.18252878,1690.87037702,1047640.0,132547.21524352,8042.55701237
BTC_JPY,2020-05-20T04:52:04.063,5957900,1047641.0,1048219.0,0.1,0.2,2174.12662878,1691.18793354,1047640.0,132536.93968193,8041.356892399999
BTC_JPY,2020-05-20T04:52:08.147,5957978,1047640.0,1048191.0,0.1,0.05,2173.75402878,1691.09722708,1047640.0,132533.03345672,8041.856892399999
BTC_JPY,2020-05-20T04:52:13.73,5958109,1047640.0,1047984.0,0.1,0.1,2169.07983523,1691.4186636,1047640.0,132533.91449672,8041.856892399999
BTC_JPY,2020-05-20T04:52:18.62,5958211,1047800.0,1047944.0,0.36786223,0.05,2170.00069746,1691.2497035999993,1047800.0,132536.10296543,8043.48903017
BTC_JPY,2020-05-20T04:55:03.75,5961045,1047689.0,1048474.0,0.5543,0.04336,2174.09247525,1678.91878395,1047800.0,132513.89330113,8038.54929031
BTC_JPY,2020-05-20T04:55:08.647,5961205,1047960.0,1048582.0,0.1,0.04311,2175.64696805,1688.76297395,1047800.0,132512.29260292,8038.54929031
BTC_JPY,2020-05-20T04:55:14.063,5961348,1047948.0,1048746.0,0.35,0.042789999999999995,2173.21850805,1691.69415128,1047800.0,132501.44583541,8038.34929031
BTC_JPY,2020-05-20T04:55:18.117,5961438,1047924.0,1048736.0,0.3512,0.5315,2173.01970805,1692.08755395,1047800.0,132497.81681854,8038.34929031
BTC_JPY,2020-05-20T04:55:23.463,5961570,1047935.0,1048721.0,0.1,0.6315,2175.62370805,1689.21936128,1047800.0,132498.97417218,8038.34929031
BTC_JPY,2020-05-20T04:55:28.77,5961726,1047975.0,1048752.0,0.1,0.03551,2177.14454118,1689.47981161,1047800.0,132501.56977135,8038.34929031
BTC_JPY,2020-05-20T04:55:33.273,5961849,1048016.0,1048830.0,0.15,0.05,2175.82614118,1689.60307161,1047800.0,132494.82821534,8038.34929031
BTC_JPY,2020-05-20T04:55:38.96,5961999,1047729.0,1048537.0,0.15,0.6326,2173.44200571,1692.67316613,1048038.0,132462.64663448,8034.60468432
BTC_JPY,2020-05-20T04:55:43.977,5962139,1047682.0,1048527.0,0.1,0.6815,2175.05507478,1692.79961287,1048038.0,132456.2485497,8034.40468432
BTC_JPY,2020-05-20T04:55:48.237,5962219,1047671.0,1048498.0,0.47249999,0.6826,2175.43757477,1692.81879287,1048038.0,132453.7602454,8034.40468432
BTC_JPY,2020-05-20T04:55:53.967,5962336,1047671.0,1048438.0,0.47249999,0.05,2175.60967477,1691.98533254,1048038.0,132441.68644318,8032.50768432
BTC_JPY,2020-05-20T04:55:58.367,5962439,1047672.0,1048423.0,0.15,0.05,2175.39637477,1691.88082287,1048038.0,132437.29742202,8032.50768432
BTC_JPY,2020-05-20T04:56:03.667,5962561,1047683.0,1048538.0,0.4,0.1,2173.49018444,1686.83138287,1048038.0,132437.18543985,8032.20768432
BTC_JPY,2020-05-20T04:56:08.71,5962693,1047569.0,1048422.0,0.15,0.05,2173.69967477,1688.34067287,1048038.0,132434.19795166,8032.17768432
BTC_JPY,2020-05-20T04:56:13.947,5962804,1047617.0,1048423.0,0.15,0.002,2173.69967477,1690.35061287,1048038.0,132429.90700412,8032.17768432
BTC_JPY,2020-05-20T04:56:18.43,5962908,1047665.0,1048423.0,0.2,0.002,2173.73967477,1691.88152287,1048038.0,132429.95284957,8032.17768432
BTC_JPY,2020-05-20T04:56:23.93,5963016,1047714.0,1048423.0,0.2,0.002,2175.67867477,1691.34372287,1048038.0,132417.74460778,8032.01668432
BTC_JPY,2020-05-20T04:56:29.027,5963112,1047762.0,1048423.0,0.2,0.002,2176.16867477,1690.79133161,1048038.0,132410.25590084,8032.01668432
BTC_JPY,2020-05-20T04:56:33.47,5963158,1047762.0,1048423.0,0.2,0.002,2175.90867477,1690.91005906,1048038.0,132402.39086597,8032.01668432
BTC_JPY,2020-05-20T04:56:38.787,5963288,1047810.0,1048423.0,0.2,0.002,2174.96297476,1686.27079906,1048038.0,132400.28767498,8031.81668432
BTC_JPY,2020-05-20T04:56:44.163,5963394,1047857.0,1048423.0,0.1,0.002,2174.41297463,1690.15893873,1048038.0,132401.97735498,8031.81668432
BTC_JPY,2020-05-20T04:56:48.207,5963457,1047870.0,1048423.0,0.2,0.002,2176.41297476,1689.80152906,1048038.0,132402.42640598,8031.81668432
BTC_JPY,2020-05-20T04:56:53.77,5963581,1047918.0,1048423.0,0.2,0.002,2173.32947477,1687.13027164,1048038.0,132393.84370492,8030.29607227
BTC_JPY,2020-05-20T04:56:58.81,5963696,1047965.0,1048423.0,0.1,0.002,2175.78417599,1688.12991164,1048038.0,132388.50784274,8030.29607227
BTC_JPY,2020-05-20T04:57:03.207,5963795,1048000.0,1048423.0,1.0,0.002,2175.728676,1688.10013131,1048038.0,132381.78779993,8030.29607227
BTC_JPY,2020-05-20T04:57:08.287,5963887,1048038.0,1048423.0,0.85,0.002,2176.58848167,1688.56789731,1048000.0,132379.69990011,8030.28607227
BTC_JPY,2020-05-20T04:57:13.17,5963974,1048039.0,1048423.0,0.5315,0.002,2177.12998167,1688.61142731,1048000.0,132379.25989184,8030.28607227
BTC_JPY,2020-05-20T04:57:18.897,5964081,1048040.0,1048664.0,0.048,0.05,2179.18798167,1688.64412731,1048622.0,132377.19961929,8030.33607227
BTC_JPY,2020-05-20T05:00:03.403,5966398,1048050.0,1048828.0,0.05,0.052000000000000005,2179.64901408,1693.22337086,1048039.0,132303.52378551,8033.45733865
BTC_JPY,2020-05-20T05:00:09.01,5966551,1048622.0,1048779.0,3.68,0.1,2179.7394744000007,1693.22146085,1048496.0,132308.89148196,8033.77733865
BTC_JPY,2020-05-20T05:00:13.72,5966661,1048039.0,1048621.0,0.048,0.23,2178.62466458,1683.10077084,1048763.0,132321.31748196,8038.05733865
BTC_JPY,2020-05-20T05:00:18.247,5966761,1048038.0,1048594.0,0.00232369,0.05,2177.64350312,1683.09500053,1048038.0,132341.1772763,8038.95301496
BTC_JPY,2020-05-20T05:00:23.533,5966894,1048000.0,1048542.0,0.79232369,0.1,2174.63640327,1693.84664099,1048000.0,132358.22342445,8039.15301496
BTC_JPY,2020-05-20T05:00:28.177,5967004,1048000.0,1048503.0,0.79232369,0.2,2175.91121294,1683.76759099,1048000.0,132361.48199228,8032.11406437
BTC_JPY,2020-05-20T05:00:33.037,5967120,1048012.0,1048766.0,0.05,0.4592,2178.70428762,1693.02275537,1048000.0,132359.20819916,8023.72294086
BTC_JPY,2020-05-20T05:00:38.697,5967242,1048023.0,1048755.0,0.03,0.05,2178.15668583,1692.72415359,1048012.0,132357.92588623,8022.90295134
BTC_JPY,2020-05-20T05:00:43.143,5967327,1048034.0,1048746.0,0.02,0.7969,2178.17368583,1693.08069346,1048023.0,132355.11413975,8022.76295134
BTC_JPY,2020-05-20T05:00:49.077,5967446,1048034.0,1048732.0,0.02,0.5457,2178.40268583,1693.26982359,1048023.0,132350.57636225,8022.61295134
BTC_JPY,2020-05-20T05:00:53.09,5967526,1048034.0,1048723.0,0.02,0.5457,2178.95768583,1692.60001359,1048023.0,132344.80941965,8022.56295134
BTC_JPY,2020-05-20T05:00:59.08,5967632,1048034.0,1048710.0,0.02,0.2,2178.80151293,1691.84465359,1048023.0,132345.00580637,8022.55715134
BTC_JPY,2020-05-20T05:01:03.483,5967697,1048034.0,1048702.0,0.02,0.15,2178.5076842,1692.58152195,1048023.0,132346.46059734,8022.55715134
BTC_JPY,2020-05-20T05:01:08.23,5967771,1048034.0,1048694.0,0.02,0.2,2178.5166842,1692.49465195,1048023.0,132348.31660709,8022.55715134
BTC_JPY,2020-05-20T05:01:14.087,5967858,1048034.0,1048687.0,0.02,0.05,2179.0364841999994,1691.15764195,1048023.0,132354.27100709,8022.55715134
BTC_JPY,2020-05-20T05:01:19.16,5967945,1048034.0,1048687.0,0.02,0.05,2178.87631294,1691.65978069,1048023.0,132354.85935995,8022.35715134
BTC_JPY,2020-05-20T05:01:23.883,5968040,1048047.0,1048686.0,0.1,0.7913,2178.21651281,1691.96994195,1048013.0,132356.26135995,8022.41215134
BTC_JPY,2020-05-20T05:01:28.943,5968133,1048023.0,1048692.0,0.1,0.5426,2177.53968569,1691.77133195,1048013.0,132351.37771589,8022.17497137
BTC_JPY,2020-05-20T05:01:33.32,5968220,1048023.0,1048670.0,0.1,0.05,2177.55468569,1692.55985195,1048013.0,132348.32433115,8021.93997137
BTC_JPY,2020-05-20T05:01:38.76,5968312,1048023.0,1048666.0,0.1,0.05,2176.6006857,1692.41325195,1048013.0,132340.76282650002,8021.93997137
BTC_JPY,2020-05-20T05:01:43.803,5968405,1048049.0,1048959.0,0.47249999,0.1,2175.59298568,1689.00053056,1048013.0,132341.777481,8021.33574954
BTC_JPY,2020-05-20T05:01:48.463,5968547,1048453.0,1048998.0,0.542,0.05,2176.70610869,1678.17817852,1048218.0,132359.45686455,8021.64194967
BTC_JPY,2020-05-20T05:01:54.027,5968639,1048410.0,1048999.0,0.5443,0.1,2179.82955089,1690.10974798,1048408.0,132356.93014256,8021.43013616
BTC_JPY,2020-05-20T05:01:58.24,5968712,1048602.0,1048999.0,0.5432,0.2,2180.63715089,1690.15068798,1048408.0,132329.87784134,8021.40513366
BTC_JPY,2020-05-20T05:02:03.443,5968766,1048638.0,1048999.0,0.5432,0.2,2181.73015088,1680.26576798,1048408.0,132329.66694568,8021.305103899997
BTC_JPY,2020-05-20T05:02:08.94,5968879,1048690.0,1049105.0,0.1,0.1,2182.47392258,1689.14551968,1048678.0,132334.24883909,8021.68610364
BTC_JPY,2020-05-20T05:02:13.25,5968941,1048730.0,1049105.0,0.1,0.1,2181.32392258,1689.08856968,1048678.0,132333.52190214,8021.68610364
BTC_JPY,2020-05-20T05:02:18.987,5969051,1048675.0,1049105.0,0.4214,0.1,2175.70632258,1689.47999128,1048731.0,132325.77580699,8021.89119165
BTC_JPY,2020-05-20T05:05:03.263,5971790,1048001.0,1048673.0,0.1,0.05,2175.3989429000007,1690.877189,1048000.0,132066.12142365,8001.62057677
BTC_JPY,2020-05-20T05:05:08.12,5971860,1048001.0,1048804.0,0.1,0.5204,2176.42411759,1691.63797418,1048000.0,132068.47600798,8001.61957677
BTC_JPY,2020-05-20T05:05:13.427,5971974,1048000.0,1048778.0,0.52232369,0.6084,2175.93958882,1684.03159899,1048156.0,132075.77445527,8002.42957577
BTC_JPY,2020-05-20T05:05:18.243,5972094,1048000.0,1048768.0,0.52232369,0.05,2174.53737456,1693.69943899,1048156.0,132064.44929227,8000.54455607
BTC_JPY,2020-05-20T05:05:23.13,5972248,1048000.0,1048418.0,0.50235369,0.3383,2170.62585586,1690.50874601,1048000.0,132083.76303577,8000.15607607
BTC_JPY,2020-05-20T05:05:28.803,5972381,1048000.0,1048406.0,0.50235369,0.6095,2171.63131412,1693.33129939,1048000.0,132087.10394905,8000.05507607
BTC_JPY,2020-05-20T05:05:33.27,5972467,1048000.0,1048396.0,0.50235369,0.5113,2169.95131412,1695.60621939,1048000.0,132081.74079212,8000.05507607
BTC_JPY,2020-05-20T05:05:38.89,5972544,1048000.0,1048388.0,0.50135369,0.05,2170.18717383,1694.60896386,1048000.0,132082.45956391,8000.04126607
BTC_JPY,2020-05-20T05:05:44.15,5972597,1048000.0,1048386.0,0.50135369,0.2,2173.10467384,1693.93157387,1048000.0,132074.46887151,7999.04126607
BTC_JPY,2020-05-20T05:05:48.257,5972632,1048000.0,1048383.0,0.25135369,0.30000013,2172.85167384,1693.12037387,1048000.0,132072.84723646,7999.28127134
BTC_JPY,2020-05-20T05:05:53.467,5972677,1048001.0,1048380.0,0.5047,0.05,2171.39767372,1693.16797992,1048000.0,132066.71675168,7999.28127134
BTC_JPY,2020-05-20T05:05:58.943,5972732,1048000.0,1048377.0,0.25135369,0.15,2173.43887372,1693.46960992,1048000.0,132065.1669429,7999.28127134
BTC_JPY,2020-05-20T05:06:03.307,5972772,1048000.0,1048374.0,0.25135369,0.05,2172.03287385,1692.93836992,1048000.0,132064.55774565,7999.27627134
BTC_JPY,2020-05-20T05:06:09.08,5972803,1048000.0,1048372.0,0.25645369,0.05,2172.52607385,1692.93836992,1048000.0,132062.59354565,7998.77627134
BTC_JPY,2020-05-20T05:06:13.207,5972912,1048104.0,1048769.0,0.4908,0.2,2173.99616863,1689.388518,1048420.0,132069.14763986,7999.64627134
BTC_JPY,2020-05-20T05:06:18.183,5973013,1048437.0,1049037.0,0.32,0.5,2174.01311641,1689.87638357,1048104.0,132072.94722822,7999.91627134
BTC_JPY,2020-05-20T05:06:23.57,5973135,1048438.0,1049089.0,0.1,0.4772,2172.75027293,1683.51873389,1049104.0,132090.85194491,8000.42637134
BTC_JPY,2020-05-20T05:06:28.427,5973213,1048438.0,1049070.0,0.1,0.05,2173.57276659,1691.43193389,1049104.0,132091.1756181,8000.42637134
BTC_JPY,2020-05-20T05:06:33.99,5973301,1048501.0,1049030.0,0.2,0.23,2172.61727294,1689.14688389,1049104.0,132091.77729004,8000.42637134
BTC_JPY,2020-05-20T05:06:38.083,5973363,1048501.0,1049104.0,0.2,0.4897,2174.77326674,1689.51115389,1049104.0,132094.90152827,8000.42637134
BTC_JPY,2020-05-20T05:06:43.57,5973480,1048793.0,1049469.0,0.4755,0.2,2172.1782573,1676.32457148,1049250.0,132101.78210052,8000.44437134
BTC_JPY,2020-05-20T05:06:49.03,5973535,1048799.0,1049468.0,0.4765,0.2,2171.83013559,1688.18192357,1049250.0,132105.73862449,8000.44437134
BTC_JPY,2020-05-20T05:06:53.767,5973614,1048803.0,1049468.0,0.4755,0.05,2171.3396356,1688.01854357,1049250.0,132114.55065503,8000.34007134
BTC_JPY,2020-05-20T05:06:58.353,5973708,1049021.0,1049470.0,0.32,0.02,2173.35363559,1687.88641506,1049250.0,132114.97943038,8000.34007134
BTC_JPY,2020-05-20T05:07:03.61,5973810,1049250.0,1049500.0,0.0052,0.51,2171.0932356,1688.14317506,1049470.0,132114.96718745,8000.36007134
BTC_JPY,2020-05-20T05:07:08.39,5973939,1048732.0,1049457.0,0.32,0.15,2170.12887714,1691.6463572999999,1048503.0,132117.464142,8000.38046982
BTC_JPY,2020-05-20T05:07:13.897,5974085,1049478.0,1049898.0,0.32,0.3,2172.33850859,1686.3350724,1049549.0,132155.17833749,8003.78248782
BTC_JPY,2020-05-20T05:07:18.27,5974148,1049479.0,1049898.0,0.30000013,0.3,2173.12350859,1689.762182,1049549.0,132160.19963474,8003.78248782
BTC_JPY,2020-05-20T05:10:03.393,5976727,1049600.0,1050036.0,0.20001087,0.4473,2176.09154335,1690.85452641,1049600.0,132189.99573878,8004.54949367
BTC_JPY,2020-05-20T05:10:08.817,5976850,1049217.0,1050026.0,0.2943,0.4425,2174.15250264,1689.01108649,1049263.0,132187.62293936,8004.80469425
BTC_JPY,2020-05-20T05:10:13.857,5976958,1049228.0,1050014.0,0.23,0.5911,2175.88638256,1691.3694835,1049263.0,132176.33269397,8001.75469425
BTC_JPY,2020-05-20T05:10:18.42,5977054,1049217.0,1050005.0,0.2019,0.05409299,2177.20418598,1690.93858991,1049240.0,132157.6689534,8001.22114425
BTC_JPY,2020-05-20T05:10:23.5,5977164,1049241.0,1049993.0,0.4444,0.2381,2178.44578598,1691.16454692,1049240.0,132124.15810566,8000.02130275
BTC_JPY,2020-05-20T05:10:28.613,5977295,1049634.0,1050105.0,0.1,0.994599,2178.43256328,1688.97360692,1049240.0,132112.7756792,7999.05010276
BTC_JPY,2020-05-20T05:10:34.063,5977393,1049675.0,1050105.0,0.4444,0.994599,2178.80648694,1690.02602056,1049240.0,132101.51594117,7999.05010276
BTC_JPY,2020-05-20T05:10:38.293,5977462,1049632.0,1050105.0,0.4425,0.994599,2178.39858972,1690.50252056,1049240.0,132103.39370298,7999.05010276
BTC_JPY,2020-05-20T05:10:43.983,5977574,1049376.0,1050100.0,0.2,0.05409299,2177.74908694,1690.5569444000002,1049240.0,132109.88275593,7999.04010276
BTC_JPY,2020-05-20T05:10:49.137,5977635,1049375.0,1050100.0,0.4444,0.05409299,2178.04546369,1691.8613462,1049402.0,132109.45530623,7998.86810276
BTC_JPY,2020-05-20T05:10:54.113,5977735,1049668.0,1050105.0,0.1,0.994599,2176.6214396,1692.07110647,1049402.0,132107.98881709,7998.86810276
BTC_JPY,2020-05-20T05:10:58.48,5977801,1049473.0,1050104.0,0.4944,0.05409299,2177.88566647,1691.92834946,1049402.0,132108.45091709,7998.86810276
BTC_JPY,2020-05-20T05:11:03.263,5977875,1049450.0,1050102.0,0.4425,0.05,2175.8455396,1692.05169946,1049402.0,132109.00945359,7998.86810276
BTC_JPY,2020-05-20T05:11:08.677,5977925,1049491.0,1050103.0,0.05,0.05409299,2175.4130396,1692.13149946,1049402.0,132111.14645359,7998.86810276
BTC_JPY,2020-05-20T05:11:14.027,5978013,1049488.0,1050104.0,0.5959,0.05409299,2174.01993961,1691.45739946,1049402.0,132113.07691577,7998.66810276
BTC_JPY,2020-05-20T05:11:18.29,5978093,1049826.0,1050104.0,0.4474,0.05409299,2175.01893959,1689.7103862,1049402.0,132114.38782809,7998.66810276
BTC_JPY,2020-05-20T05:11:23.753,5978188,1049857.0,1050177.0,0.4557,0.02,2176.66008228,1687.42496437,1050105.0,132116.95417554,7999.76709475
BTC_JPY,2020-05-20T05:11:28.32,5978269,1049888.0,1050177.0,0.4557,0.02,2178.75147786,1688.20829983,1050105.0,132117.20888713,7999.76709475
BTC_JPY,2020-05-20T05:11:33.7,5978374,1049698.0,1050177.0,0.22,0.02,2176.64500901,1688.83101996,1050105.0,132081.75979526,7994.99201494
BTC_JPY,2020-05-20T05:11:38.38,5978453,1049730.0,1050177.0,0.4571,0.02,2177.77297786,1688.86788996,1050105.0,132063.77268064,7992.91401574
BTC_JPY,2020-05-20T05:11:43.93,5978521,1049758.0,1050177.0,0.15,0.02,2176.20907773,1688.53613983,1050105.0,132049.88240873,7992.77043574
BTC_JPY,2020-05-20T05:11:48.52,5978584,1049823.0,1050105.0,0.32,0.001,2175.85557786,1688.33379124,1050105.0,132036.57902073,7988.61063574
BTC_JPY,2020-05-20T05:11:53.2,5978633,1049826.0,1050177.0,0.05,0.02,2176.14957785,1688.05874124,1050105.0,132027.18770681,7988.61163574
BTC_JPY,2020-05-20T05:11:58.353,5978712,1049851.0,1050177.0,0.05,0.02,2174.73830914,1689.15420983,1050105.0,132025.6339595,7988.61163574
BTC_JPY,2020-05-20T05:12:03.517,5978749,1049824.0,1050177.0,0.4532,0.02,2176.86567786,1689.48908996,1050105.0,132020.10373751,7988.41163574
BTC_JPY,2020-05-20T05:12:08.74,5978795,1049840.0,1050177.0,0.4571,0.02,2176.90570914,1689.31017124,1050105.0,131990.94344775,7988.22414574
BTC_JPY,2020-05-20T05:12:13.833,5978842,1050105.0,1050177.0,0.92,0.02,2177.76357786,1689.42245996,1050105.0,131987.94815123,7988.22414574
BTC_JPY,2020-05-20T05:12:18.833,5978881,1050105.0,1050177.0,0.469,0.02,2177.13927787,1689.49846996,1050105.0,131984.23305123,7988.34534574
BTC_JPY,2020-05-20T05:15:03.313,5981167,1049941.0,1050316.0,0.300002,0.2787,2172.25436651,1693.80380117,1049941.0,132046.23704756,7989.61894635
BTC_JPY,2020-05-20T05:15:08.42,5981242,1049642.0,1050313.0,0.1,0.15,2172.81981039,1695.18319117,1049941.0,132036.94582109,7989.81894635
BTC_JPY,2020-05-20T05:15:14.03,5981354,1049630.0,1050312.0,0.1,0.273,2174.1947244000007,1690.74564742,1049941.0,132036.79982109,7989.81894635
BTC_JPY,2020-05-20T05:15:18.443,5981436,1049588.0,1050309.0,0.013999999999999999,0.15,2173.569594400001,1690.57436742,1049941.0,132037.51306109,7989.81894635
BTC_JPY,2020-05-20T05:15:23.787,5981564,1049941.0,1050312.0,1e-06,0.2732,2173.0009954,1691.05981742,1049941.0,132029.78984466,7989.77894535
BTC_JPY,2020-05-20T05:15:28.97,5981657,1049941.0,1050313.0,1e-06,0.3447,2173.5655954,1689.68749742,1049941.0,132026.73020741,7989.72894535
BTC_JPY,2020-05-20T05:15:33.613,5981746,1049941.0,1050315.0,1e-06,0.3448,2173.07860221,1693.57961435,1049941.0,132027.36346416,7989.72894535
BTC_JPY,2020-05-20T05:15:38.363,5981887,1049141.0,1050148.0,0.4435020000000001,0.44999999,2171.88317782,1684.88832368,1049141.0,132028.62675074,7990.16994335
BTC_JPY,2020-05-20T05:15:44.123,5982079,1049001.0,1049250.0,0.05,0.004,2169.98699095,1693.07333884,1049000.0,132048.85492162,7990.61369845
BTC_JPY,2020-05-20T05:15:48.96,5982175,1049001.0,1049515.0,0.1809,0.0596,2173.88779067,1692.80491972,1049250.0,132056.41457111,7990.45679845
BTC_JPY,2020-05-20T05:15:54.027,5982204,1049001.0,1049515.0,0.1809,0.0596,2173.52404622,1693.08229785,1049250.0,132057.03030781,7990.09679845
BTC_JPY,2020-05-20T05:15:58.713,5982265,1049026.0,1049747.0,0.15,0.4604,2172.12985376,1693.42962785,1049250.0,132045.00709781,7978.42679845
BTC_JPY,2020-05-20T05:16:04.007,5982320,1049250.0,1049747.0,0.013999999999999999,0.4604,2171.87655376,1694.20537785,1049250.0,132048.58658185,7978.42679845
BTC_JPY,2020-05-20T05:16:09.057,5982376,1048989.0,1049748.0,0.22,0.507,2167.50018836,1692.74197785,1049000.0,132046.35740935,7978.49079845
BTC_JPY,2020-05-20T05:16:13.9,5982490,1049116.0,1049774.0,0.2,0.004,2170.84272553,1691.50456504,1049000.0,132044.8054464,7978.49079845
BTC_JPY,2020-05-20T05:16:19.083,5982566,1049128.0,1049774.0,0.05,0.004,2168.1604254,1691.69903491,1049000.0,132044.20266845,7978.49079845
BTC_JPY,2020-05-20T05:16:23.127,5982641,1049133.0,1049774.0,0.05,0.004,2170.54522554,1692.43013504,1049000.0,132044.48746897,7978.49079845
BTC_JPY,2020-05-20T05:16:28.19,5982767,1049124.0,1049774.0,0.45899999999999996,0.004,2171.79922554,1691.97958491,1049000.0,132045.99146896,7978.49079845
BTC_JPY,2020-05-20T05:16:33.987,5982898,1049013.0,1049774.0,0.46,0.004,2172.50022554,1690.74768504,1049000.0,132042.58514725,7978.36079845
BTC_JPY,2020-05-20T05:16:38.187,5983003,1049053.0,1049774.0,0.22,0.004,2173.72022554,1691.74608505,1049000.0,132042.07114725,7978.36079845
BTC_JPY,2020-05-20T05:16:44.093,5983102,1049088.0,1049774.0,0.4623,0.004,2173.42252554,1691.71407505,1049000.0,132038.02414725,7978.35079845
BTC_JPY,2020-05-20T05:16:49.117,5983173,1049101.0,1049774.0,0.05,0.004,2172.53418068,1690.71636505,1049000.0,132038.56714725,7978.34879845
BTC_JPY,2020-05-20T05:16:53.263,5983254,1048997.0,1049768.0,0.0935,0.1,2173.20372554,1690.70336505,1049000.0,132040.59572725,7978.34879845
BTC_JPY,2020-05-20T05:16:58.923,5983374,1048995.0,1049755.0,0.22,0.5623,2172.95192541,1691.40941505,1049000.0,132039.45431725,7978.21638845
BTC_JPY,2020-05-20T05:17:03.42,5983462,1048995.0,1049746.0,0.0648,0.15,2174.23002554,1692.01371505,1048983.0,132019.58562804,7978.24638845
BTC_JPY,2020-05-20T05:17:08.597,5983565,1049001.0,1049744.0,0.0673,0.4626,2173.29352554,1693.88251505,1048983.0,132018.01968384,7978.24638845
BTC_JPY,2020-05-20T05:17:13.96,5983663,1049001.0,1049737.0,0.1,0.4623,2173.42352807,1693.85551758,1048983.0,132017.10048088,7978.14668845
BTC_JPY,2020-05-20T05:17:18.193,5983697,1049002.0,1049737.0,0.04,0.4623,2173.44182807,1694.01081758,1049002.0,132012.42838098,7978.15668845
BTC_JPY,2020-05-20T05:20:02.347,5986375,1048994.0,1049975.0,0.1,0.306,2170.00366532,1667.33215002,1049009.0,131842.66806105,7972.49587636
BTC_JPY,2020-05-20T05:20:08.537,5986501,1048971.0,1049567.0,0.09,0.4432,2172.04871536,1677.32188375,1048971.0,131849.7189045,7972.72587436
BTC_JPY,2020-05-20T05:20:13.737,5986620,1048900.0,1049550.0,0.140001,0.15,2173.8389194,1682.97231362,1048971.0,131856.427855,7972.72587436
BTC_JPY,2020-05-20T05:20:18.303,5986694,1048900.0,1049540.0,0.140001,0.4442,2170.118919400001,1682.97630279,1048971.0,131856.12081145,7972.72587436
BTC_JPY,2020-05-20T05:20:23.537,5986766,1048900.0,1049530.0,0.140001,0.4432,2171.5759194,1683.07530279,1048971.0,131858.68939265,7972.72587436
BTC_JPY,2020-05-20T05:20:28.937,5986837,1048901.0,1049552.0,0.05,0.30000013,2169.6359194,1683.48060279,1048971.0,131857.55455496,7972.72587436
BTC_JPY,2020-05-20T05:20:33.063,5986922,1048906.0,1049704.0,0.05,0.4416,2170.20072399,1683.5938874,1048971.0,131857.7478091,7972.71645636
BTC_JPY,2020-05-20T05:20:38.98,5987050,1049003.0,1049703.0,0.15,0.4442,2173.31502412,1683.5761874000002,1048971.0,131857.70328092,7972.70645636
BTC_JPY,2020-05-20T05:20:43.897,5987152,1049005.0,1049701.0,0.2593,0.4461,2171.66812412,1684.1997574000006,1048971.0,131847.31847265,7972.70645636
BTC_JPY,2020-05-20T05:20:46.897,5987228,1048971.0,1049518.0,0.470003,0.3,2173.00592712,1684.0414574,1048971.0,131840.9295862,7972.95645336
BTC_JPY,2020-05-20T05:20:53.903,5987335,1048972.0,1049516.0,0.05,0.4418,2173.56292812,1683.7153474,1048971.0,131834.22920580002,7973.12655435
BTC_JPY,2020-05-20T05:20:58.323,5987399,1048973.0,1049515.0,0.1498,0.1,2174.37792799,1683.0535874000002,1048971.0,131799.28840554,7970.49806473
BTC_JPY,2020-05-20T05:21:03.903,5987508,1048982.0,1049698.0,0.4428,0.1,2175.02272812,1683.82165741,1048971.0,131786.30831582,7969.55769527
BTC_JPY,2020-05-20T05:21:08.933,5987601,1048971.0,1049686.0,0.280004,0.5029,2174.52192812,1691.62128162,1049691.0,131771.90190301,7968.03671575
BTC_JPY,2020-05-20T05:21:13.443,5987688,1048972.0,1049571.0,0.4418,0.1,2174.96372812,1691.09078162,1049691.0,131737.39303483,7964.35441575
BTC_JPY,2020-05-20T05:21:18.273,5987766,1048971.0,1049566.0,0.280004,0.3028,2172.00972813,1691.06372149,1049691.0,131725.12657731,7964.19452674
BTC_JPY,2020-05-20T05:21:23.983,5987903,1048971.0,1049657.0,0.28953715,0.05,2172.12206115,1691.17015162,1049657.0,131721.33117213,7964.28814774
BTC_JPY,2020-05-20T05:21:28.927,5987996,1048972.0,1049650.0,0.4302,0.5393,2174.60366128,1691.52145162,1048972.0,131715.52567002,7964.29814774
BTC_JPY,2020-05-20T05:21:34.09,5988090,1048972.0,1049637.0,0.4202010000000001,0.4393,2174.79266228,1691.45145162,1048972.0,131712.6722529,7964.30814674
BTC_JPY,2020-05-20T05:21:38.617,5988166,1048972.0,1049626.0,0.4202010000000001,0.4402,2175.29266228,1691.53065162,1048972.0,131710.04106682,7964.30814674
BTC_JPY,2020-05-20T05:21:43.557,5988253,1048977.0,1049631.0,0.4279,0.30000013,2173.12936128,1691.21045162,1048972.0,131704.49060318,7964.20814674
BTC_JPY,2020-05-20T05:21:48.577,5988333,1048972.0,1049619.0,0.4288,0.1,2177.64126128,1691.35844162,1048972.0,131702.74541494,7964.20814674
BTC_JPY,2020-05-20T05:21:53.64,5988428,1048975.0,1049625.0,0.04,0.1,2177.65166128,1691.30844162,1048975.0,131699.80204829,7964.21814674
BTC_JPY,2020-05-20T05:21:58.13,5988481,1048978.0,1049643.0,0.4411,0.0283,2177.65356069,1690.99726103,1048975.0,131703.05116294,7964.21814674
BTC_JPY,2020-05-20T05:22:04.133,5988594,1049082.0,1049643.0,0.4382,0.0283,2177.51842236,1690.18794785,1048975.0,131704.5863721,7964.21814674
BTC_JPY,2020-05-20T05:22:08.447,5988671,1049092.0,1049643.0,0.2,0.0283,2172.85457554,1690.41730103,1048975.0,131706.43048731,7964.02274674
BTC_JPY,2020-05-20T05:22:14.017,5988804,1049097.0,1049643.0,0.05,0.0283,2170.85967554,1691.6582009,1048975.0,131711.39617731,7963.84274674
BTC_JPY,2020-05-20T05:22:18.913,5988909,1048976.0,1049635.0,0.1159,0.4411,2172.95807096,1691.79100103,1048975.0,131709.73617731,7963.79274674
BTC_JPY,2020-05-20T05:25:03.917,5990535,1049221.0,1049649.0,0.5,0.1251,2181.32748228,1690.30391654,1049396.0,131617.98780912,7961.48630931
BTC_JPY,2020-05-20T05:25:08.607,5990589,1049221.0,1049649.0,0.5,0.1,2185.97649184,1690.20971654,1049396.0,131617.80456227,7961.48630931
BTC_JPY,2020-05-20T05:25:13.863,5990660,1049222.0,1049702.0,0.05,0.4418,2181.53168241,1691.31512654,1049396.0,131617.21022351,7960.54630721
BTC_JPY,2020-05-20T05:25:19.09,5990725,1049222.0,1049697.0,0.05,0.30000013,2185.55168241,1691.57834667,1049396.0,131615.97530783,7960.54630721
BTC_JPY,2020-05-20T05:25:23.953,5990778,1049222.0,1049674.0,0.05,0.4,2187.07568228,1691.89223667,1049396.0,131612.36248655,7960.55630721
BTC_JPY,2020-05-20T05:25:28.683,5990815,1049224.0,1049697.0,0.05,0.30000013,2187.52568241,1691.69968667,1049396.0,131610.98253004,7960.66630721
BTC_JPY,2020-05-20T05:25:33.103,5990849,1049243.0,1049696.0,0.05,0.09047071,2187.36568241,1690.74425738,1049696.0,131609.41839991,7960.665836499998
BTC_JPY,2020-05-20T05:25:38.163,5990879,1049246.0,1049685.0,0.2,0.4,2187.81568241,1690.60826681,1049697.0,131601.44685356,7960.8958365
BTC_JPY,2020-05-20T05:25:43.747,5990928,1049238.0,1049685.0,0.15146744,0.1,2187.31710749,1690.46421502,1049238.0,131601.54238612,7961.11436906
BTC_JPY,2020-05-20T05:25:49.237,5991023,1049073.0,1049682.0,0.15,0.1,2187.1156662,1690.90945117,1049221.0,131603.68054703,7961.66436906
BTC_JPY,2020-05-20T05:25:53.463,5991099,1049073.0,1049396.0,0.2,0.04,2187.2290661999996,1689.60770118,1049221.0,131605.50676064,7961.66436906
BTC_JPY,2020-05-20T05:25:58.437,5991174,1049073.0,1049396.0,0.05,0.04,2187.0636661999997,1690.02345118,1049221.0,131605.35676064,7961.66436906
BTC_JPY,2020-05-20T05:26:04.06,5991258,1049074.0,1049684.0,0.1,0.43,2187.3506661999995,1690.64069118,1049401.0,131608.83743274,7961.86436906
BTC_JPY,2020-05-20T05:26:08.343,5991306,1049082.0,1049696.0,0.1,0.4329,2187.3906661999995,1690.67077118,1049401.0,131608.73441274,7961.86436906
BTC_JPY,2020-05-20T05:26:13.96,5991383,1049091.0,1049682.0,0.1,0.4325,2187.2106661999997,1691.14834118,1049401.0,131606.80741938,7961.46436906
BTC_JPY,2020-05-20T05:26:18.243,5991449,1049100.0,1049656.0,0.05,0.4,2181.3459661999996,1691.10537047,1049401.0,131607.09986831,7961.45466906
BTC_JPY,2020-05-20T05:26:23.36,5991615,1048971.0,1049379.0,0.22655835,0.4,2177.16973757,1691.03173828,1048971.0,131627.26042161,7963.67611471
BTC_JPY,2020-05-20T05:26:29.097,5991837,1048400.0,1048829.0,0.96,0.6304,2177.19559745,1693.82286786,1048439.0,131639.75960383,7964.75253807
BTC_JPY,2020-05-20T05:26:33.323,5992021,1047771.0,1048117.0,0.1,0.4512,2172.69361876,1691.35953217,1047738.0,131672.52852244,7967.88186114
BTC_JPY,2020-05-20T05:26:38.197,5992111,1047500.0,1048099.0,0.154,0.2214,2178.0050586999996,1692.33658904,1047501.0,131696.00560855,7968.09007941
BTC_JPY,2020-05-20T05:26:43.537,5992268,1047502.0,1048070.0,0.05,0.4,2177.35009204,1689.48411694,1047501.0,131701.67560855,7968.09007941
BTC_JPY,2020-05-20T05:26:48.917,5992427,1047501.0,1048171.0,0.1,0.4977,2175.92309217,1692.33508262,1047501.0,131709.56230266,7965.26060974
BTC_JPY,2020-05-20T05:26:53.737,5992518,1047502.0,1048004.0,0.05,0.1,2176.38309216,1691.53510776,1047501.0,131711.21689229,7965.13007941
BTC_JPY,2020-05-20T05:26:58.24,5992590,1047506.0,1048195.0,0.09,0.4442,2177.54409215,1691.62525777,1047501.0,131709.01784781,7965.13007941
BTC_JPY,2020-05-20T05:27:04.567,5992689,1047515.0,1048194.0,0.2,0.4461,2177.05878917,1691.09159649,1047501.0,131712.68646997,7965.13007941
BTC_JPY,2020-05-20T05:27:08.737,5992758,1047521.0,1048183.0,0.09,0.4461,2176.83278904,1691.03769649,1047501.0,131713.44200945,7965.13007941
BTC_JPY,2020-05-20T05:27:13.77,5992928,1047819.0,1048569.0,0.44999999,0.1,2180.05378376,1687.45112639,1048182.0,131739.28653392,7965.70407941
BTC_JPY,2020-05-20T05:27:18.18,5993056,1047850.0,1048326.0,0.1,0.4363,2180.73780582,1691.45936815,1048034.0,131752.8949566,7965.83407941
BTC_JPY,2020-05-20T05:30:03.42,5995292,1047793.0,1047954.0,0.2,0.33585567,2178.69623998,1692.95866352,1047954.0,131618.64403917,7956.59472704
BTC_JPY,2020-05-20T05:30:08.753,5995330,1047795.0,1047954.0,0.05,0.33585567,2178.56623998,1691.84801352,1047954.0,131553.62718359,7956.24472704
BTC_JPY,2020-05-20T05:30:14.153,5995433,1047529.0,1047904.0,0.83999987,0.4337,2174.78861029,1693.63957871,1047529.0,131550.03246187,7956.54472717
BTC_JPY,2020-05-20T05:30:18.84,5995495,1047529.0,1047880.0,0.63999987,0.4314,2173.28861042,1683.42078588,1047529.0,131556.22888739,7956.29472718
BTC_JPY,2020-05-20T05:30:24.193,5995593,1047529.0,1047954.0,0.63999987,0.33585567,2178.07666906,1693.42002721,1047529.0,131555.30753021,7956.29472718
BTC_JPY,2020-05-20T05:30:28.69,5995641,1047531.0,1048033.0,0.05,0.42849,2172.22766906,1692.35639531,1048033.0,131544.12383694,7956.68182718
BTC_JPY,2020-05-20T05:30:33.517,5995691,1047530.0,1047984.0,0.1,0.04025,2172.72859391,1693.42835531,1048033.0,131550.83476391,7956.68182718
BTC_JPY,2020-05-20T05:30:38.01,5995721,1047530.0,1047936.0,0.1,0.4317,2180.63859391,1693.93599639,1048033.0,131549.41346431,7956.68182718
BTC_JPY,2020-05-20T05:30:42.953,5995777,1047529.0,1047905.0,0.93999987,0.4281,2178.22359391,1695.72408179,1047529.0,131552.56251643,7956.98182718
BTC_JPY,2020-05-20T05:30:48.22,5995913,1047000.0,1047129.0,0.122466,0.001,2172.15719837,1685.9214264000002,1047000.0,131575.55805318,7961.01672705
BTC_JPY,2020-05-20T05:30:54.023,5996058,1046831.0,1047288.0,0.05,0.4313,2175.0071304000007,1696.88450042,1046910.0,131604.38002478,7962.13919305
BTC_JPY,2020-05-20T05:30:58.22,5996161,1046831.0,1047272.0,0.05,0.1,2172.99139375,1695.20789029,1046910.0,131628.83999749998,7962.12919305
BTC_JPY,2020-05-20T05:31:03.317,5996230,1046920.0,1047340.0,0.11,0.08,2170.24559388,1694.90720042,1047340.0,131631.50168145,7962.14919305
BTC_JPY,2020-05-20T05:31:08.467,5996379,1047053.0,1047653.0,0.1,0.1,2170.12169475,1693.17488355,1047529.0,131644.33583328,7962.25319305
BTC_JPY,2020-05-20T05:31:13.917,5996470,1047081.0,1047654.0,0.1,0.44999999,2174.37666656,1690.49256876,1047529.0,131653.11104378,7962.04709305
BTC_JPY,2020-05-20T05:31:18.403,5996532,1047119.0,1047652.0,0.2605,0.4277,2171.15716656,1692.32370336,1047529.0,131645.30195483,7962.04709305
BTC_JPY,2020-05-20T05:31:23.517,5996645,1047116.0,1047654.0,0.2589,0.44999999,2174.55156656,1690.24223336,1047529.0,131647.02195483,7962.01709305
BTC_JPY,2020-05-20T05:31:28.597,5996720,1047157.0,1047653.0,0.2578,0.2,2177.60946656,1693.51550336,1047529.0,131645.69397655,7962.01709305
BTC_JPY,2020-05-20T05:31:33.71,5996757,1047192.0,1047639.0,0.1,0.1,2177.13936656,1693.69200336,1047529.0,131645.36097655,7962.01409305
BTC_JPY,2020-05-20T05:31:39.183,5996835,1047114.0,1047639.0,0.1,0.1,2177.22616643,1689.50722713,1047654.0,131643.96416616,7962.62609305
BTC_JPY,2020-05-20T05:31:44.143,5996949,1047155.0,1047654.0,0.1,0.00999999,2176.9274479,1690.26490471,1047654.0,131647.11242436,7960.53899355
BTC_JPY,2020-05-20T05:31:48.883,5997037,1047654.0,1047728.0,0.001,0.05,2173.2330479,1691.68337341,1047654.0,131645.47892639,7960.53899355
BTC_JPY,2020-05-20T05:31:53.23,5997115,1047654.0,1047728.0,0.001,0.05,2172.85390032,1691.27736112,1047654.0,131645.33567067,7960.37899355
BTC_JPY,2020-05-20T05:31:58.283,5997197,1047654.0,1047728.0,0.001,0.05,2177.7672479000007,1692.32066112,1047654.0,131645.37515038,7960.37899355
BTC_JPY,2020-05-20T05:32:03.567,5997328,1047251.0,1047728.0,0.2,0.05,2180.9782479,1692.98802112,1047654.0,131635.16718932,7960.19999355
BTC_JPY,2020-05-20T05:32:09.147,5997470,1047654.0,1048119.0,0.002,0.1,2181.26844789,1691.99584112,1047728.0,131632.32930209,7959.82365494
BTC_JPY,2020-05-20T05:32:13.413,5997558,1047654.0,1048119.0,0.002,0.1,2174.84514789,1693.90763112,1047728.0,131628.26917946,7959.72365494
BTC_JPY,2020-05-20T05:32:18.51,5997640,1047661.0,1048169.0,0.4267,0.1,2195.92284776,1693.83713112,1047728.0,131627.830254,7959.71365494
BTC_JPY,2020-05-20T05:35:03.573,5999517,1047681.0,1048071.0,0.4203,2.0,2194.10557258,1695.01215584,1047885.0,131555.63785436,7968.05055725
BTC_JPY,2020-05-20T05:35:09.027,5999641,1047816.0,1048657.0,0.6664,0.0515,2191.725095,1680.40152565,1048363.0,131564.07064851,7968.48515725
BTC_JPY,2020-05-20T05:35:13.63,5999749,1047865.0,1048654.0,0.4164,0.17,2195.55978508,1693.37389127,1048654.0,131570.41441723,7968.01515725
BTC_JPY,2020-05-20T05:35:18.733,5999887,1047908.0,1048642.0,0.2365,0.4174,2191.78422171,1695.73530127,1048654.0,131555.70479649,7967.41015725
BTC_JPY,2020-05-20T05:35:23.43,6000015,1047671.0,1048505.0,0.2383,0.2,2189.51251308,1693.32448794,1048654.0,131555.15985665,7966.91015725
BTC_JPY,2020-05-20T05:35:28.877,6000147,1047657.0,1048491.0,0.35950272,0.05,2192.9595354000007,1693.39954794,1048654.0,131527.32320438,7966.88015725
BTC_JPY,2020-05-20T05:35:33.71,6000256,1047705.0,1048478.0,0.2407,0.4175,2191.5702354,1693.90592794,1048654.0,131520.11777972,7966.88015725
BTC_JPY,2020-05-20T05:35:38.87,6000387,1048003.0,1048509.0,0.2431,0.3,2191.50531302,1694.39368558,1048654.0,131512.24653395,7966.88015725
BTC_JPY,2020-05-20T05:35:43.153,6000487,1048031.0,1048626.0,0.1,0.4159,2193.72989072,1695.97758923,1048628.0,131515.77008742,7966.89015725
BTC_JPY,2020-05-20T05:35:48.257,6000609,1047689.0,1048583.0,0.2443,0.4683,2196.1628596,1696.50126945,1048628.0,131514.85223543,7966.89015725
BTC_JPY,2020-05-20T05:35:53.5,6000731,1047785.0,1048570.0,0.1,0.31,2196.0021596,1696.26918945,1048582.0,131511.27858132,7967.09015725
BTC_JPY,2020-05-20T05:35:58.897,6000858,1048000.0,1048550.0,0.11,0.5598,2196.6390596,1695.62038945,1048582.0,131510.54707748,7966.84015725
BTC_JPY,2020-05-20T05:36:04.027,6000980,1048000.0,1048499.0,0.11,0.4119,2196.13747822,1697.14027936,1048582.0,131509.84543020002,7966.84015725
BTC_JPY,2020-05-20T05:36:08.507,6001090,1048000.0,1048469.0,0.11,0.4111,2196.51738893,1696.94558629,1048582.0,131507.33756843,7966.84015725
BTC_JPY,2020-05-20T05:36:13.493,6001192,1048001.0,1048456.0,0.4199,0.41100000000000003,2196.21838893,1695.09029629,1048582.0,131506.67014746,7966.84015725
BTC_JPY,2020-05-20T05:36:18.893,6001289,1048049.0,1048423.0,0.4152,0.04,2176.92339985,1696.14348936,1048582.0,131506.0038062,7966.84015725
BTC_JPY,2020-05-20T05:36:24.073,6001382,1048016.0,1048557.0,0.1,0.01,2176.28209292,1695.93763629,1048582.0,131505.82655983,7966.69415725
BTC_JPY,2020-05-20T05:36:28.573,6001453,1048054.0,1048557.0,0.4152,0.01,2180.62739985,1695.70007659,1048582.0,131505.72427341,7966.69415725
BTC_JPY,2020-05-20T05:36:33.557,6001542,1048092.0,1048633.0,0.1,0.3897,2176.67649985,1696.41216881,1048582.0,131499.15839008,7966.49415725
BTC_JPY,2020-05-20T05:36:39.12,6001657,1048028.0,1048676.0,0.4143,0.4018,2180.77599985,1696.68463881,1048582.0,131501.88270572,7966.49415725
BTC_JPY,2020-05-20T05:36:43.197,6001724,1048068.0,1048676.0,0.4152,0.1139,2182.95857449,1695.20389881,1048582.0,131499.06170486,7966.49415725
BTC_JPY,2020-05-20T05:36:48.6,6001875,1048008.0,1048644.0,0.1,0.05,2176.14555123,1695.42909881,1048582.0,131455.14375242,7965.15908522
BTC_JPY,2020-05-20T05:36:53.98,6002002,1048012.0,1048633.0,0.1,0.0433,2177.30885135,1695.03959881,1048582.0,131444.5835442,7964.95749958
BTC_JPY,2020-05-20T05:36:57.957,6002064,1048053.0,1048633.0,0.4185,0.0433,2196.13605135,1695.03791881,1048582.0,131445.84245761,7964.93749958
BTC_JPY,2020-05-20T05:37:03.377,6002127,1048048.0,1048635.0,0.1,3.09,2194.20845135,1695.04711881,1048582.0,131434.75322079,7964.91749958
BTC_JPY,2020-05-20T05:37:08.587,6002225,1048059.0,1048634.0,0.05,0.1,2193.91805135,1697.89971881,1048582.0,131432.93073144,7964.91749958
BTC_JPY,2020-05-20T05:37:13.82,6002371,1048365.0,1049029.0,0.05,0.998,2193.6684841999995,1678.03117779,1049029.0,131444.69166080002,7969.26639958
BTC_JPY,2020-05-20T05:37:18.783,6002478,1048432.0,1049029.0,0.1,0.998,2194.33407855,1690.63183214,1049029.0,131450.15200482,7969.26639958
BTC_JPY,2020-05-20T05:40:03.987,6005182,1048171.0,1048670.0,0.01,0.1,2174.67420456,1695.88930525,1048500.0,131348.37464165,7961.86393395
BTC_JPY,2020-05-20T05:40:08.37,6005251,1048500.0,1048686.0,0.8,1.998,2175.9499237,1695.54342439,1048686.0,131348.67713867,7962.06593395
BTC_JPY,2020-05-20T05:40:13.253,6005269,1048500.0,1048686.0,0.8,1.998,2177.5899237,1695.00124439,1048686.0,131339.82843897,7962.06593395
BTC_JPY,2020-05-20T05:40:18.797,6005294,1048500.0,1048686.0,0.8,0.998,2176.93989601,1695.2678967,1048686.0,131338.94958334,7963.06593395
BTC_JPY,2020-05-20T05:40:23.313,6005320,1048171.0,1048685.0,0.01,0.1,2176.80709601,1695.3067767,1048500.0,131338.66753926,7963.86593395
BTC_JPY,2020-05-20T05:40:29.017,6005402,1048171.0,1048685.0,0.01,0.1,2176.80710241,1695.3259831,1048500.0,131336.61253926,7963.86593395
BTC_JPY,2020-05-20T05:40:33.517,6005472,1048500.0,1048684.0,0.0033,0.05,2177.50230228,1695.27282701,1048500.0,131334.81747926,7963.86593395
BTC_JPY,2020-05-20T05:40:38.113,6005558,1048500.0,1048685.0,0.0033,0.1,2177.69780241,1695.22396701,1048500.0,131335.26847926,7963.86593395
BTC_JPY,2020-05-20T05:40:44.04,6005667,1048160.0,1048670.0,0.1,0.05,2176.80590241,1694.71635701,1048500.0,131337.43719593,7964.51923395
BTC_JPY,2020-05-20T05:40:48.69,6005761,1048160.0,1048657.0,0.1,0.05,2176.82590241,1696.18984701,1048500.0,131332.31349882,7964.51923395
BTC_JPY,2020-05-20T05:40:53.75,6005845,1048160.0,1048658.0,0.4447,0.05,2176.69940241,1695.43580701,1048500.0,131330.67025956,7964.51923395
BTC_JPY,2020-05-20T05:40:58.167,6005938,1048186.0,1048677.0,0.01,0.04,2176.88355617,1694.91977701,1048500.0,131307.55371027,7964.50923395
BTC_JPY,2020-05-20T05:41:03.36,6006057,1048260.0,1048686.0,0.05,0.448,2178.06605617,1694.03785701,1048500.0,131308.30518064,7964.50923395
BTC_JPY,2020-05-20T05:41:08.43,6006145,1048272.0,1048500.0,0.01,0.1063,2177.18135604,1694.20675701,1048500.0,131301.40845566,7963.40923395
BTC_JPY,2020-05-20T05:41:13.387,6006265,1048253.0,1048686.0,0.01,0.448,2155.38515617,1694.0622947000006,1048500.0,131290.05246282,7963.51553395
BTC_JPY,2020-05-20T05:41:19.157,6006370,1048264.0,1048685.0,0.11,0.05,2177.91760839,1694.2962947,1048253.0,131255.29158615,7955.75801792
BTC_JPY,2020-05-20T05:41:23.26,6006436,1048264.0,1048684.0,0.11,0.2,2177.94580839,1694.20351457,1048253.0,131227.36947281,7955.65599512
BTC_JPY,2020-05-20T05:41:28.81,6006527,1048194.0,1048682.0,0.11,0.2,2177.13195617,1694.34611685,1048253.0,131214.89824975,7955.63696238
BTC_JPY,2020-05-20T05:41:33.537,6006580,1048253.0,1048678.0,0.1,0.2,2176.90019295,1694.49332148,1048253.0,131196.55158849,7953.61496338
BTC_JPY,2020-05-20T05:41:39.2,6006651,1048209.0,1048678.0,0.4377,0.2,2173.81229295,1692.27712148,1048253.0,131172.5097216,7953.71496338
BTC_JPY,2020-05-20T05:41:43.823,6006700,1048184.0,1048678.0,0.11,0.2,2173.59229295,1692.27812148,1048253.0,131157.00086678,7953.42983047
BTC_JPY,2020-05-20T05:41:48.573,6006789,1048212.0,1048787.0,0.1,0.4,2174.26525832,1691.17373135,1048253.0,131144.29302274,7953.42983047
BTC_JPY,2020-05-20T05:41:53.187,6006869,1048293.0,1048787.0,0.4377,0.4,2174.41379295,1692.29373148,1048253.0,131131.4477806,7953.40069773
BTC_JPY,2020-05-20T05:41:58.91,6006955,1048306.0,1048787.0,0.5377,0.4,2178.36965832,1693.55232148,1048253.0,131122.05437288,7953.38473673
BTC_JPY,2020-05-20T05:42:03.24,6007040,1048324.0,1048787.0,0.4358,0.4,2182.92389295,1694.80232148,1048253.0,131105.39664524,7952.88473673
BTC_JPY,2020-05-20T05:42:08.59,6007146,1048253.0,1048777.0,0.1195,0.05,2176.92479295,1695.15276148,1048253.0,131086.3188257,7949.07968532
BTC_JPY,2020-05-20T05:42:13.14,6007228,1048254.0,1048778.0,0.4392,0.30000013,2180.99729295,1695.07746148,1048253.0,131053.72545969,7949.07968532
BTC_JPY,2020-05-20T05:42:17.953,6007316,1048278.0,1048786.0,0.4372,0.3,2183.60839982,1695.10783148,1048778.0,131042.25077399,7949.15968532
BTC_JPY,2020-05-20T05:45:03.853,6009920,1048923.0,1049253.0,0.0631,0.0011,2193.58406632,1691.3053824,1049322.0,130814.41357515,7943.60807914
BTC_JPY,2020-05-20T05:45:08.263,6009950,1048929.0,1049253.0,0.0635,0.0011,2193.43446632,1691.3053824,1049322.0,130807.19935588,7943.60807914
BTC_JPY,2020-05-20T05:45:14,6010006,1048967.0,1049250.0,0.05,0.8,2190.98616632,1690.82358241,1049322.0,130798.07688496,7943.10278164
BTC_JPY,2020-05-20T05:45:18.2,6010034,1048965.0,1049250.0,0.01,0.8,2193.76616632,1691.37558241,1049322.0,130763.13502325,7940.56188158
BTC_JPY,2020-05-20T05:45:23.817,6010078,1048965.0,1049248.0,0.01,0.03,2190.83009062,1691.85997242,1049249.0,130747.67568003,7940.69608158
BTC_JPY,2020-05-20T05:45:28.693,6010237,1048501.0,1048910.0,0.056001,0.6152,2185.94229332,1694.04131497,1048501.0,130745.68577685,7942.02508058
BTC_JPY,2020-05-20T05:45:33.79,6010348,1048501.0,1048846.0,0.056001,0.1,2191.18176765,1691.33748393,1048501.0,130732.66390042,7941.02408058
BTC_JPY,2020-05-20T05:45:38.247,6010411,1048500.0,1048967.0,1.556001,0.1,2190.3817678000005,1691.90208038,1048500.0,130732.0222583,7941.82408058
BTC_JPY,2020-05-20T05:45:43.467,6010448,1048501.0,1048967.0,0.469,0.1,2184.8507678,1692.72568038,1048501.0,130696.94913966,7940.05088058
BTC_JPY,2020-05-20T05:45:49.073,6010488,1048501.0,1048977.0,0.4674,0.1,2189.31916778,1691.34678038,1048501.0,130687.17443328,7939.65088058
BTC_JPY,2020-05-20T05:45:53.69,6010580,1048538.0,1049249.0,0.1,0.09,2189.04466763,1690.96189475,1048501.0,130686.47366182,7939.65088058
BTC_JPY,2020-05-20T05:45:59.087,6010702,1048618.0,1049253.0,0.1,0.0011,2190.10390644,1690.67237408,1048501.0,130687.94849760001,7939.65088058
BTC_JPY,2020-05-20T05:46:04.01,6010781,1048650.0,1049253.0,0.6674,0.0011,2190.38130644,1690.68346382,1048501.0,130680.01026953,7939.65088058
BTC_JPY,2020-05-20T05:46:08.357,6010856,1048691.0,1049253.0,0.4674,0.0011,2190.76130644,1691.22656382,1048501.0,130680.78928043,7939.65088058
BTC_JPY,2020-05-20T05:46:13.923,6010996,1048584.0,1049214.0,0.05,0.1,2187.68790347,1692.36638381,1048501.0,130681.29874256,7939.23175612
BTC_JPY,2020-05-20T05:46:18.9,6011114,1048622.0,1049253.0,0.1,0.0011,2191.22890346,1688.75510375,1048501.0,130668.41930974,7938.55108058
BTC_JPY,2020-05-20T05:46:23.737,6011223,1048810.0,1049253.0,0.05,0.0011,2190.34052247,1690.88208382,1048809.0,130664.79040974,7938.65108058
BTC_JPY,2020-05-20T05:46:28.773,6011335,1048543.0,1049253.0,0.2753,0.0011,2191.28277049,1689.53548382,1048809.0,130662.99259605,7938.65108058
BTC_JPY,2020-05-20T05:46:34.093,6011457,1048552.0,1049253.0,0.2,0.0011,2191.52942465,1689.77130798,1048809.0,130658.58657754,7937.63065293
BTC_JPY,2020-05-20T05:46:39.097,6011568,1048561.0,1049253.0,0.2335,0.0011,2189.17292466,1689.86573798,1048809.0,130653.32245511,7936.84065293
BTC_JPY,2020-05-20T05:46:43.497,6011659,1048567.0,1049253.0,0.2,0.0011,2189.83282466,1690.43792798,1048809.0,130650.47254603,7936.79065293
BTC_JPY,2020-05-20T05:46:48.393,6011766,1048576.0,1049299.0,0.4644,0.09,2190.44282466,1690.74534798,1048809.0,130648.90754603,7936.79065293
BTC_JPY,2020-05-20T05:46:53.56,6011895,1048586.0,1049298.0,0.5113,0.4370000000000001,2194.50672467,1691.19528375,1048809.0,130647.26711851,7936.78465293
BTC_JPY,2020-05-20T05:46:58.933,6012008,1048749.0,1049299.0,0.4613,0.09,2194.35672467,1690.66723798,1048809.0,130649.70429962,7936.78465293
BTC_JPY,2020-05-20T05:47:03.797,6012049,1048749.0,1049299.0,0.05,0.09,2193.57277044,1690.76427798,1048809.0,130641.07376843,7936.33492847
BTC_JPY,2020-05-20T05:47:08.317,6012106,1048753.0,1049297.0,0.05,0.09,2193.29502467,1691.23063798,1048809.0,130637.29713059,7935.36355193
BTC_JPY,2020-05-20T05:47:10.48,6012145,1048900.0,1049297.0,0.05,0.09,2192.48502467,1690.48456798,1048900.0,130642.24909303,7935.36447379
BTC_JPY,2020-05-20T05:47:18.84,6012185,1048900.0,1049299.0,0.05,0.09,2193.02082467,1690.78909798,1048900.0,130614.21825906,7932.74697582
BTC_JPY,2020-05-20T05:50:03.157,6014187,1049041.0,1049524.0,0.2,0.04305,2219.58952184,1694.20826959,1049529.0,130297.41899361,7911.11908326
BTC_JPY,2020-05-20T05:50:08.39,6014252,1049049.0,1049529.0,0.2,0.33414291,2220.71652184,1693.30521959,1049529.0,130295.26654162,7911.08908326
BTC_JPY,2020-05-20T05:50:13.517,6014343,1049045.0,1049529.0,0.4512,0.33414291,2220.32772184,1693.00521946,1049529.0,130286.63350891,7910.64874729
BTC_JPY,2020-05-20T05:50:19.107,6014454,1049068.0,1049529.0,0.15,0.33414291,2219.02267918,1693.14387706,1049529.0,130273.42484953,7910.58874729
BTC_JPY,2020-05-20T05:50:24.023,6014563,1049078.0,1049529.0,0.7012,0.31514291,2219.62517931,1693.25689706,1049529.0,130262.27915961,7909.89674729
BTC_JPY,2020-05-20T05:50:28.187,6014648,1049088.0,1049529.0,0.4512,0.31514291,2221.98517931,1692.89742693,1049529.0,130229.96964974,7909.49574729
BTC_JPY,2020-05-20T05:50:33.283,6014781,1049190.0,1049529.0,0.4436,0.00370869,2221.82458713,1689.12696627,1049529.0,130228.77755049,7909.17730748
BTC_JPY,2020-05-20T05:50:38.297,6014870,1049293.0,1049760.0,0.25,0.01,2222.80220886,1690.12365745,1049529.0,130233.12834379,7908.97701617
BTC_JPY,2020-05-20T05:50:43.23,6014962,1049302.0,1049760.0,0.4445,0.01,2222.93890886,1691.47026758,1049529.0,130232.69044367,7908.8208902
BTC_JPY,2020-05-20T05:50:49.007,6015081,1049315.0,1049760.0,0.5945,0.01,2194.46972586,1691.56781758,1049529.0,130234.66541756,7908.8208902
BTC_JPY,2020-05-20T05:50:53.743,6015126,1049530.0,1049760.0,0.05,0.01,2195.61137718,1691.36781745,1049529.0,130231.56273838,7908.8159002
BTC_JPY,2020-05-20T05:50:58.373,6015155,1049530.0,1049760.0,0.05,0.01,2195.02937718,1690.96503758,1049529.0,130232.50536851,7908.8159002
BTC_JPY,2020-05-20T05:51:03.3,6015210,1049529.0,1049760.0,0.13674,0.01,2193.87242295,1692.01575758,1049529.0,130227.14851844,7908.9501602
BTC_JPY,2020-05-20T05:51:08.93,6015337,1049143.0,1049760.0,0.5869,0.01,2194.67673295,1690.55775294,1049529.0,130225.0673362,7909.086900200001
BTC_JPY,2020-05-20T05:51:13.617,6015455,1049238.0,1049747.0,0.1,0.4369,2193.85583295,1691.02182758,1049529.0,130222.43813911,7909.086900200001
BTC_JPY,2020-05-20T05:51:18.173,6015551,1049011.0,1049743.0,0.4369,0.2,2194.35762256,1690.50446758,1049529.0,130220.94247728,7909.0718832
BTC_JPY,2020-05-20T05:51:23.533,6015639,1049021.0,1049736.0,0.4386,0.2,2194.14996353,1691.76565758,1049529.0,130217.02707554,7909.0718832
BTC_JPY,2020-05-20T05:51:28.197,6015719,1049030.0,1049713.0,0.15,0.03422,2196.61226353,1691.41787281,1049529.0,130213.20747773,7909.0718832
BTC_JPY,2020-05-20T05:51:33.507,6015820,1049124.0,1049733.0,0.1,0.2,2196.63186353,1692.19295758,1049529.0,130212.81387773,7909.0718832
BTC_JPY,2020-05-20T05:51:38.24,6015906,1049134.0,1049712.0,0.4399,0.04163,2195.83226353,1692.11458758,1049529.0,130212.56450418,7909.0718832
BTC_JPY,2020-05-20T05:51:43.54,6016008,1049143.0,1049697.0,0.4369,0.04182,2194.58926353,1691.91527758,1049529.0,130192.05281389,7908.8698902
BTC_JPY,2020-05-20T05:51:49.067,6016122,1049156.0,1049748.0,0.1,0.2814,2195.55236353,1692.07435758,1049529.0,130192.80933551,7908.8698902
BTC_JPY,2020-05-20T05:51:53.977,6016226,1049167.0,1049736.0,0.4395,0.281,2194.25186353,1692.21134758,1049529.0,130191.74420045,7908.8698902
BTC_JPY,2020-05-20T05:51:58.94,6016345,1049007.0,1049749.0,0.4386,0.2,2198.13336353,1691.65465758,1049529.0,130185.0410024,7908.8698902
BTC_JPY,2020-05-20T05:52:03.837,6016454,1049015.0,1049748.0,0.4399,0.3813,2192.98466353,1682.01045758,1049529.0,130181.35842155,7908.8698902
BTC_JPY,2020-05-20T05:52:08.07,6016551,1049019.0,1049720.0,0.4281,0.4385,2196.88486353,1693.07438758,1049529.0,130163.81629369,7908.8698902
BTC_JPY,2020-05-20T05:52:13.94,6016672,1049031.0,1049760.0,0.5276,0.01,2194.6843634,1691.87985745,1049529.0,130150.26324259,7907.9678902
BTC_JPY,2020-05-20T05:52:18.657,6016818,1049362.0,1049760.0,0.7369,0.01,2199.8609379,1677.89095294,1049529.0,130149.55797691,7907.957890199998
BTC_JPY,2020-05-20T05:55:03.903,6019425,1049474.0,1049479.0,0.05,0.2,2191.38791366,1668.98552721,1049479.0,130053.76199193,7885.7334003000005
BTC_JPY,2020-05-20T05:55:08.537,6019490,1049328.0,1049886.0,0.5326,0.002,2191.41311366,1667.39546722,1049479.0,130047.33672808,7885.829400300001
BTC_JPY,2020-05-20T05:55:13.867,6019585,1049328.0,1050010.0,0.5326,0.01,2191.40411366,1668.73796722,1049886.0,130043.8207401,7885.8584003000005
BTC_JPY,2020-05-20T05:55:18.827,6019691,1049327.0,1049967.0,0.32,0.1,2190.02044221,1668.83878577,1049969.0,130042.28814409999,7886.038404299998
BTC_JPY,2020-05-20T05:55:23.593,6019790,1049346.0,1049953.0,0.2,0.1,2190.06037221,1669.06894577,1049969.0,130034.13855458,7885.91181696
BTC_JPY,2020-05-20T05:55:28.957,6019906,1049355.0,1049953.0,0.5283,0.1,2190.36127473,1668.86689829,1049969.0,130026.16363887,7885.6808053
BTC_JPY,2020-05-20T05:55:33.657,6020029,1049002.0,1049844.0,1.0,0.5324,2189.4841306999997,1669.35119829,1049928.0,130016.19877333,7885.4608063000005
BTC_JPY,2020-05-20T05:55:38.81,6020121,1049007.0,1049789.0,0.2,0.1,2189.19998082,1670.89408438,1049815.0,130014.35612982,7885.480806300001
BTC_JPY,2020-05-20T05:55:43.13,6020180,1049007.0,1049772.0,0.2,0.1,2189.22390082,1669.52154438,1049815.0,130012.93036477,7885.480806300001
BTC_JPY,2020-05-20T05:55:49.11,6020307,1049002.0,1049673.0,1.0,0.5336,2189.6115806,1671.31522115,1049815.0,130012.97158900001,7885.480806300001
BTC_JPY,2020-05-20T05:55:53.84,6020423,1049008.0,1049424.0,0.01,0.5341,2190.12744749,1671.77438698,1049815.0,130019.61872372,7885.480806300001
BTC_JPY,2020-05-20T05:55:58.907,6020471,1049008.0,1049387.0,0.01,0.30000013,2191.73744749,1671.37542009,1049815.0,130018.08725762,7885.4458078000025
BTC_JPY,2020-05-20T05:56:03.167,6020556,1049010.0,1049750.0,0.05,0.5469,2192.1065035,1671.82185774,1049437.0,130021.44389579,7885.5258088
BTC_JPY,2020-05-20T05:56:08.297,6020653,1049009.0,1049604.0,0.05,0.1,2191.7305806,1671.72873471,1049437.0,130008.42801338,7885.13946928
BTC_JPY,2020-05-20T05:56:13.287,6020694,1049009.0,1049586.0,0.05,0.53,2192.38950363,1670.93595774,1049437.0,130006.94023367,7885.13946928
BTC_JPY,2020-05-20T05:56:18.147,6020757,1049013.0,1049556.0,0.05,0.1,2192.28950363,1670.45249471,1049437.0,130001.56903033,7884.69946928
BTC_JPY,2020-05-20T05:56:23.4,6020826,1049437.0,1049564.0,0.1,0.1,2192.35450363,1670.60126774,1049437.0,130000.25122784,7884.69946928
BTC_JPY,2020-05-20T05:56:28.167,6020894,1049437.0,1049682.0,0.1,0.0422,2192.37950363,1671.91405774,1049437.0,130003.40141245,7884.64946928
BTC_JPY,2020-05-20T05:56:32.937,6020922,1049437.0,1049677.0,0.1,0.0368,2192.40950363,1672.30795774,1049437.0,129997.12825044,7884.14946928
BTC_JPY,2020-05-20T05:56:38.163,6020954,1049437.0,1049727.0,0.08,0.31,2192.37950363,1672.01375774,1049437.0,129982.68506367,7882.93967382
BTC_JPY,2020-05-20T05:56:43.413,6021007,1049013.0,1049700.0,0.05,0.1,2191.32950363,1672.10973774,1049437.0,129970.40145995,7883.01032376
BTC_JPY,2020-05-20T05:56:48.433,6021071,1049020.0,1049684.0,0.2,0.1,2192.24550363,1671.30543472,1049437.0,129963.21704471,7883.01032376
BTC_JPY,2020-05-20T05:56:54.013,6021150,1049020.0,1049684.0,0.30000013,0.1,2190.76870363,1671.35169775,1049437.0,129960.98042984,7883.01032376
BTC_JPY,2020-05-20T05:56:58.833,6021284,1049049.0,1049875.0,0.5195,0.04382,2194.88834363,1669.68573516,1049751.0,129968.9332329,7883.37932376
BTC_JPY,2020-05-20T05:57:03.933,6021435,1049399.0,1049944.0,0.05,0.1,2194.29269686,1670.82595898,1049751.0,129963.89864696,7883.37932376
BTC_JPY,2020-05-20T05:57:09.03,6021563,1049402.0,1049939.0,0.05,0.040060000000000005,2195.51619699,1670.75701898,1049751.0,129965.33609116,7883.37932376
BTC_JPY,2020-05-20T05:57:13.21,6021640,1049402.0,1049941.0,0.05,0.0381,2196.87329699,1670.70955898,1049751.0,129964.34451145,7883.37932376
BTC_JPY,2020-05-20T05:57:18.987,6021770,1049271.0,1049968.0,0.1,0.15,2197.10179698,1670.19055898,1049402.0,129945.21067452,7884.36932376
BTC_JPY,2020-05-20T06:00:03.177,6024975,1050133.0,1050748.0,0.013,0.03,2198.29200127,1673.19819658,1050742.0,129831.34502932,7877.72392932
BTC_JPY,2020-05-20T06:00:09,6025097,1050100.0,1050764.0,0.32,0.309,2198.08860675,1672.40412163,1050096.0,129892.56429113,7877.57381221
BTC_JPY,2020-05-20T06:00:14.153,6025257,1049008.0,1049511.0,0.01,0.1,2190.83806722,1676.50521653,1049437.0,129980.3145846,7872.75751421
BTC_JPY,2020-05-20T06:00:19,6025366,1049000.0,1049498.0,1.63046567,0.7003,2187.84845579,1677.19424909,1049000.0,129987.22680910002,7873.11974194
BTC_JPY,2020-05-20T06:00:23.007,6025477,1048740.0,1049000.0,0.62936085,0.15,2185.98587372,1675.33084605,1048740.0,129997.33067781,7875.25084676
BTC_JPY,2020-05-20T06:00:29.113,6025585,1048501.0,1048887.0,0.01,0.04155,2190.901327,1676.38466515,1048670.0,130004.05104228,7876.35000911
BTC_JPY,2020-05-20T06:00:34.093,6025666,1048501.0,1048876.0,0.01,0.2,2192.06547898,1677.19819535,1048670.0,129954.27773227,7876.29744117
BTC_JPY,2020-05-20T06:00:39.097,6025733,1048500.0,1048866.0,1.076001,0.05,2191.46047898,1676.47185535,1048500.0,129945.97675432,7874.86274117
BTC_JPY,2020-05-20T06:00:43.94,6025791,1048500.0,1048858.0,1.076001,0.15,2191.67800428,1677.14428065,1048859.0,129947.45692539,7874.87374117
BTC_JPY,2020-05-20T06:00:48.2,6025855,1048511.0,1048901.0,0.2,0.02,2190.44995018,1674.37912141,1048858.0,129967.70055312,7875.87370217
BTC_JPY,2020-05-20T06:00:54.05,6025994,1048901.0,1049089.0,0.001,0.08,2186.01494644,1675.93386039,1048627.0,129980.94059302,7876.00370317
BTC_JPY,2020-05-20T06:00:58.787,6026104,1048528.0,1049245.0,0.7304,0.05,2191.14934643,1672.03003877,1048901.0,129982.41699478,7876.00470317
BTC_JPY,2020-05-20T06:01:04.14,6026232,1048765.0,1049502.0,0.2,0.44999999,2189.46802428,1674.18879167,1049501.0,129995.21931706,7876.16179026
BTC_JPY,2020-05-20T06:01:08.447,6026308,1048783.0,1049501.0,0.05,0.5295,2193.01802428,1675.1386618,1048770.0,130008.91705714,7876.07179126
BTC_JPY,2020-05-20T06:01:13.75,6026417,1048824.0,1049501.0,0.1,0.5595,2192.62813241,1675.01267006,1048770.0,130013.63426382,7873.92615883
BTC_JPY,2020-05-20T06:01:18.403,6026509,1048849.0,1049500.0,0.5306,0.05,2190.98835882,1674.40923233,1048770.0,130028.12306646,7873.59615983
BTC_JPY,2020-05-20T06:01:23.51,6026597,1048877.0,1049500.0,0.1,0.1,2193.93665895,1672.54731247,1048770.0,130023.73898667,7873.33618083
BTC_JPY,2020-05-20T06:01:29.023,6026670,1048750.0,1049468.0,0.5282,0.15,2193.72275895,1674.69464247,1048770.0,130030.80216831,7873.16711465
BTC_JPY,2020-05-20T06:01:33.157,6026730,1048775.0,1049464.0,0.5285,0.05,2194.11815895,1674.92954245,1048770.0,130030.21156831,7873.16711465
BTC_JPY,2020-05-20T06:01:38.533,6026834,1048728.0,1049466.0,0.2,0.15,2207.36665895,1676.58744244,1048770.0,130018.71117887,7873.16711465
BTC_JPY,2020-05-20T06:01:44.017,6026930,1048743.0,1049446.0,0.546,0.0847,2208.70965895,1676.61351144,1048770.0,130004.60935903,7873.59196827
BTC_JPY,2020-05-20T06:01:48.217,6027004,1048768.0,1049451.0,0.1,0.0832,2207.88135895,1676.32983244,1048767.0,129995.198765,7873.41196827
BTC_JPY,2020-05-20T06:01:53.447,6027128,1048719.0,1049427.0,0.5446,0.139999,2208.47345895,1677.45473131,1048770.0,129998.75167325,7873.42196827
BTC_JPY,2020-05-20T06:01:58.41,6027219,1048756.0,1049434.0,0.2,0.089999,2208.59195895,1674.58177906,1048770.0,129995.3006142,7873.42196827
BTC_JPY,2020-05-20T06:02:04.05,6027338,1048957.0,1049500.0,0.32,0.1,2206.33565837,1675.80660173,1048774.0,129998.28225102,7873.62196827
BTC_JPY,2020-05-20T06:02:08.317,6027398,1048994.0,1049500.0,0.5397,0.1,2209.03085837,1676.41660186,1048980.0,130000.74525603,7873.43796827
BTC_JPY,2020-05-20T06:02:14.063,6027505,1049033.0,1049588.0,0.5381,0.47249999,2209.03825837,1674.83569186,1048980.0,130006.75164794,7872.77086839
BTC_JPY,2020-05-20T06:02:18.233,6027590,1048879.0,1049586.0,0.1,0.089999,2207.46045837,1674.88233086,1048980.0,130011.05173175,7871.77086839
BTC_JPY,2020-05-20T06:05:03.833,6030827,1050120.0,1050500.0,0.4844,0.01,2207.5077652,1658.43185345,1050000.0,129964.51990393,7820.185038699998
BTC_JPY,2020-05-20T06:05:07.96,6030874,1050121.0,1050500.0,0.05,0.01,2210.9272652,1658.17375345,1050000.0,129962.74745533,7820.185038699998
BTC_JPY,2020-05-20T06:05:13.333,6031021,1050546.0,1051060.0,0.5767,0.045,2211.85218562,1649.99320666,1051022.0,129990.48613943,7827.588897699998
BTC_JPY,2020-05-20T06:05:18.313,6031131,1050903.0,1051300.0,0.30000013,0.563999,2211.55460964,1650.66523625,1051300.0,130008.70583463,7827.7633987
BTC_JPY,2020-05-20T06:05:23.637,6031221,1050808.0,1051300.0,0.15,0.563999,2206.89943084,1648.67492442,1051300.0,130021.03449896,7827.753400699998
BTC_JPY,2020-05-20T06:05:28.947,6031318,1050888.0,1051300.0,0.05,0.43499899999999997,2205.16943084,1649.05172442,1051300.0,130013.88074046,7825.8824007
BTC_JPY,2020-05-20T06:05:33.537,6031410,1050891.0,1051300.0,0.1,0.48499899999999996,2209.80203084,1648.94464232,1051300.0,130016.56471072,7825.7824007
BTC_JPY,2020-05-20T06:05:38.82,6031491,1050893.0,1050896.0,0.15568210000000002,0.1296,2209.98943084,1649.32262442,1050896.0,130026.93821787,7827.1148007
BTC_JPY,2020-05-20T06:05:43.363,6031539,1050898.0,1051300.0,0.1,0.29799899999999996,2210.13043084,1649.08064232,1050896.0,130028.91685987,7825.2444007
BTC_JPY,2020-05-20T06:05:49.03,6031625,1050907.0,1051300.0,0.2,0.11574727,2210.74597528,1652.48671713,1051000.0,130021.36158987,7822.01665243
BTC_JPY,2020-05-20T06:05:53.857,6031679,1050910.0,1051300.0,0.15,0.11574727,2211.75037528,1652.58671713,1051000.0,130035.88599737,7821.51665243
BTC_JPY,2020-05-20T06:05:58.23,6031747,1050915.0,1051300.0,0.05,0.10622632,2211.59667528,1655.42309959,1051300.0,130032.78667322,7821.49617338
BTC_JPY,2020-05-20T06:06:03.687,6031868,1051382.0,1051500.0,0.32,4.10303323,2212.7712944,1651.8094655,1051500.0,130043.96049322,7822.63598647
BTC_JPY,2020-05-20T06:06:08.113,6031919,1050933.0,1051377.0,0.5473,0.01,2211.60049427,1651.62486459,1051382.0,130050.35406833,7823.25598647
BTC_JPY,2020-05-20T06:06:13.473,6032000,1050990.0,1051499.0,0.31,0.5267,2210.34553926,1655.17226579,1051499.0,130047.09624244,7822.16518747
BTC_JPY,2020-05-20T06:06:18.263,6032094,1050924.0,1051499.0,0.2,0.2957,2211.46743926,1654.72593336,1051499.0,130044.9479293,7822.39618747
BTC_JPY,2020-05-20T06:06:23.127,6032176,1050973.0,1051500.0,1.0,3.35303323,2211.57743926,1653.9552179000002,1051499.0,130035.18214706,7822.39618747
BTC_JPY,2020-05-20T06:06:29.013,6032261,1051133.0,1051500.0,0.05,3.35303323,2210.69933926,1653.72087054,1051499.0,130027.38234142,7822.38618747
BTC_JPY,2020-05-20T06:06:33.93,6032317,1051128.0,1051500.0,0.32,3.35857323,2210.65113926,1653.5589579000002,1051499.0,130023.61169896,7821.88618747
BTC_JPY,2020-05-20T06:06:38.097,6032385,1051156.0,1051500.0,0.5542,0.00857323,2212.17173926,1650.36461054,1051500.0,130027.90334626,7824.72618747
BTC_JPY,2020-05-20T06:06:43.847,6032450,1051501.0,1051756.0,0.2,0.1,2210.68926588,1649.06131363,1051560.0,130029.79835098,7824.646062700002
BTC_JPY,2020-05-20T06:06:48.55,6032567,1051520.0,1052123.0,0.1,1.4745,2211.2840496,1641.47825163,1052123.0,130040.41540615,7829.24123308
BTC_JPY,2020-05-20T06:06:53.51,6032659,1051529.0,1052112.0,0.15,0.13,2214.71612085,1641.86356894,1052123.0,130042.27885942,7829.24123308
BTC_JPY,2020-05-20T06:06:58.967,6032782,1051723.0,1052123.0,0.32,1.4745,2215.17412072,1639.49955112,1052123.0,130055.51933939,7828.74123308
BTC_JPY,2020-05-20T06:07:03.143,6032903,1052402.0,1052500.0,0.15,4.09660081,2208.02438162,1631.41643088,1052500.0,130085.2416079,7836.17473434
BTC_JPY,2020-05-20T06:07:08.35,6033042,1052512.0,1052999.0,0.3,0.6057,2213.66647408,1622.38231732,1053000.0,130104.25257516,7841.38403645
BTC_JPY,2020-05-20T06:07:13.9,6033159,1052530.0,1053000.0,0.05,5.4923957,2214.83976695,1621.0015475999999,1053000.0,130122.72262397,7843.48903721
BTC_JPY,2020-05-20T06:07:18.59,6033250,1052461.0,1052974.0,0.15,0.23,2213.50050414,1623.42501608,1052985.0,130138.38821341,7844.65803721
BTC_JPY,2020-05-20T06:10:03.75,6036004,1052869.0,1053200.0,0.03,0.23,2190.33303994,1619.62080926,1053223.0,130443.82826464,7865.38087084
BTC_JPY,2020-05-20T06:10:07.943,6036053,1052870.0,1053213.0,0.2,0.18,2192.35303994,1621.03586265,1053200.0,130453.53186852,7865.42087084
BTC_JPY,2020-05-20T06:10:14.01,6036148,1052848.0,1053173.0,0.5,0.14,2192.15871914,1619.73946073,1052991.0,130464.99506929,7865.57086984
BTC_JPY,2020-05-20T06:10:18.38,6036207,1052850.0,1053164.0,0.1,0.518,2191.99388927,1624.99298163,1053165.0,130477.71655873,7865.61086984
BTC_JPY,2020-05-20T06:10:23.947,6036284,1052792.0,1052946.0,0.2,0.006999999999999999,2192.18343927,1623.31278502,1052791.0,130499.76950736,7866.21286984
BTC_JPY,2020-05-20T06:10:28.643,6036358,1052794.0,1052946.0,0.001,0.006999999999999999,2189.90120951,1622.95074327,1052794.0,130498.91693942,7865.86086984
BTC_JPY,2020-05-20T06:10:33.93,6036479,1052500.0,1052667.0,0.01,0.002,2190.04618059,1627.31268307,1052501.0,130508.30363373,7865.91086984
BTC_JPY,2020-05-20T06:10:38.52,6036566,1052550.0,1052787.0,0.99,0.5,2193.17240078,1627.07991622,1052501.0,130511.61090669,7865.96086984
BTC_JPY,2020-05-20T06:10:43.697,6036663,1052554.0,1052787.0,0.5109,0.5,2195.01601334,1624.76854361,1052552.0,130517.8282973,7866.07286984
BTC_JPY,2020-05-20T06:10:48.687,6036730,1052557.0,1052787.0,0.19,0.5,2194.78218305,1626.07374822,1052557.0,130517.52097311,7866.08286984
BTC_JPY,2020-05-20T06:10:53.19,6036790,1052500.0,1052786.0,0.06,0.5036,2191.97593078,1626.53723822,1052557.0,130519.84797324,7866.27186984
BTC_JPY,2020-05-20T06:10:58.503,6036910,1052271.0,1052498.0,0.05,0.5013,2192.18477077,1627.03931197,1052500.0,130538.87939945,7866.33186984
BTC_JPY,2020-05-20T06:11:03.23,6037020,1052100.0,1052499.0,0.4962,0.1,2191.16837074,1625.30165695,1052483.0,130546.34970705,7866.52186984
BTC_JPY,2020-05-20T06:11:08.577,6037109,1052106.0,1052500.0,0.2,0.38925034,2192.80419074,1624.74065695,1052500.0,130552.99688161,7867.02186984
BTC_JPY,2020-05-20T06:11:13.687,6037283,1051645.0,1051725.0,0.9,0.1,2189.78224108,1621.94737968,1051645.0,130582.32878796,7869.40286993
BTC_JPY,2020-05-20T06:11:18.627,6037346,1051645.0,1051725.0,0.33,0.01,2191.40676378,1623.77964365,1051725.0,130598.79548891,7870.07286993
BTC_JPY,2020-05-20T06:11:24.103,6037496,1051655.0,1052367.0,0.5848,0.47249999,2189.87818746,1619.71959654,1051725.0,130608.97365867,7870.08286993
BTC_JPY,2020-05-20T06:11:28.947,6037625,1051825.0,1052356.0,0.5858,0.1,2192.59201782,1618.67780632,1051725.0,130621.92692508,7870.07796993
BTC_JPY,2020-05-20T06:11:33.863,6037750,1051856.0,1052367.0,0.2,0.47249999,2194.54348782,1618.73397632,1051843.0,130626.31880212,7870.87736993
BTC_JPY,2020-05-20T06:11:38.967,6037829,1051896.0,1052366.0,0.2,0.2,2194.64924782,1619.80382174,1051843.0,130632.07248184,7870.77736993
BTC_JPY,2020-05-20T06:11:44.107,6037925,1051857.0,1052342.0,0.05,0.1,2192.57155023,1620.11432113,1051843.0,130639.11280954,7870.77736993
BTC_JPY,2020-05-20T06:11:48.977,6037998,1052010.0,1052367.0,1.0,0.47249999,2194.15057036,1621.62813274,1051843.0,130662.6287708,7870.57736993
BTC_JPY,2020-05-20T06:11:53.603,6038058,1051860.0,1052355.0,0.15,0.1,2193.67964324,1620.97368274,1051843.0,130668.19537974,7870.57736993
BTC_JPY,2020-05-20T06:11:58.89,6038170,1051725.0,1052313.0,0.918,0.1,2193.58193035,1622.14768274,1051843.0,130669.7542167,7870.57736993
BTC_JPY,2020-05-20T06:12:03.39,6038245,1051725.0,1052269.0,0.918,0.1,2192.38253324,1620.99151359,1051726.0,130667.41074118,7870.57926993
BTC_JPY,2020-05-20T06:12:08.917,6038345,1052000.0,1052355.0,14.570002,0.1,2202.16319179,1619.16904024,1052000.0,130669.85830302,7870.58926793
BTC_JPY,2020-05-20T06:12:13.603,6038390,1052000.0,1052331.0,14.560002,0.1,2205.48420736,1621.15814563,1052000.0,130672.13317619,7869.49726793
BTC_JPY,2020-05-20T06:12:18.02,6038408,1052000.0,1052331.0,14.560002,0.1,2205.76352125,1619.90527955,1052000.0,130672.29247619,7869.49726793
BTC_JPY,2020-05-20T06:15:03.857,6040901,1053943.0,1054240.0,0.1,0.0004991,2196.21108547,1609.3943029000006,1054240.0,130764.94454353,7887.01080727
BTC_JPY,2020-05-20T06:15:08.253,6041041,1054619.0,1054752.0,0.24500026,0.1,2193.70588492,1607.44746408,1054577.0,130776.80413414,7889.73630637
BTC_JPY,2020-05-20T06:15:13.673,6041183,1054533.0,1054890.0,1.0,0.001,2191.28796221,1607.7825977,1054828.0,130788.91409459,7889.93988755
BTC_JPY,2020-05-20T06:15:18.387,6041348,1053881.0,1054497.0,0.15,0.1,2184.06461635,1609.46095493,1053652.0,130802.03336365,7892.91555544
BTC_JPY,2020-05-20T06:15:23.17,6041460,1053928.0,1054493.0,0.2,0.1,2186.80019145,1606.89307493,1053652.0,130823.53574538,7892.91555544
BTC_JPY,2020-05-20T06:15:28.717,6041564,1053983.0,1054493.0,0.15,0.1,2195.40260121,1609.16497957,1053951.0,130833.54303194,7893.93555544
BTC_JPY,2020-05-20T06:15:32.807,6041608,1054051.0,1054493.0,0.19,0.1,2195.80489121,1609.26147957,1054051.0,130836.22176272,7893.94555544
BTC_JPY,2020-05-20T06:15:38.987,6041697,1054294.0,1054515.0,0.15,0.449,2194.31838648,1609.62278483,1054292.0,130851.4350809,7894.67155544
BTC_JPY,2020-05-20T06:15:43.853,6041768,1054293.0,1054863.0,0.03,0.01,2194.85177801,1609.13861849,1054515.0,130864.12273413,7894.92055544
BTC_JPY,2020-05-20T06:15:48.78,6041865,1054309.0,1054863.0,0.2,0.01,2186.39058057,1609.40962849,1054515.0,130873.88122967,7894.92055544
BTC_JPY,2020-05-20T06:15:54.05,6041975,1054515.0,1054863.0,0.006,0.01,2185.61682067,1609.75773724,1054515.0,130885.72274148,7894.92055544
BTC_JPY,2020-05-20T06:15:58.983,6042029,1054515.0,1054863.0,0.096,0.01,2185.05934225,1609.74213724,1054515.0,130886.94134902,7894.93055544
BTC_JPY,2020-05-20T06:16:03.387,6042083,1054515.0,1054863.0,0.096,0.01,2185.92210238,1612.12043724,1054515.0,130887.16591811,7894.93055544
BTC_JPY,2020-05-20T06:16:08.483,6042115,1054515.0,1054863.0,0.29600000000000004,0.01,2184.81312081,1612.50263724,1054515.0,130894.78001239998,7894.83055544
BTC_JPY,2020-05-20T06:16:13.207,6042256,1053990.0,1054833.0,0.3666,0.2825,2184.46132252,1613.67600153,1054848.0,130906.36247406,7894.35525494
BTC_JPY,2020-05-20T06:16:18.167,6042389,1054215.0,1054863.0,0.5036,0.01,2186.398885400001,1612.30644581,1054848.0,130926.60675931,7894.05525494
BTC_JPY,2020-05-20T06:16:23.53,6042486,1054388.0,1054900.0,0.4984,0.0008601,2186.77375775,1611.98442324,1054900.0,130937.0672984,7894.17525494
BTC_JPY,2020-05-20T06:16:28.357,6042649,1055337.0,1055500.0,0.2,0.02597861,2186.51559979,1578.68222156,1055500.0,130957.03319560002,7903.38729736
BTC_JPY,2020-05-20T06:16:33.293,6042740,1055516.0,1055580.0,0.5,0.36850257,2184.96861283,1598.70727086,1055580.0,130975.64203712,7905.5847734
BTC_JPY,2020-05-20T06:16:38.677,6042864,1054403.0,1055006.0,0.15522378,0.1,2182.66360459,1603.17592417,1054500.0,130991.15205361,7908.97046514
BTC_JPY,2020-05-20T06:16:43.74,6042983,1054516.0,1055153.0,0.15,0.4851,2183.77211041,1604.42872428,1054500.0,131009.57089857,7908.87056514
BTC_JPY,2020-05-20T06:16:49.127,6043105,1054525.0,1054900.0,0.2,0.0184,2175.1393617,1600.8788174000001,1054500.0,131010.35497785,7908.86056514
BTC_JPY,2020-05-20T06:16:53.33,6043221,1054357.0,1054511.0,0.15522378,0.001,2176.48012413,1601.67891518,1054500.0,131025.12706727,7909.03756514
BTC_JPY,2020-05-20T06:16:58.697,6043370,1054141.0,1054951.0,0.6739,0.1,2181.22982389,1601.31233675,1054953.0,131025.13257078,7909.35856514
BTC_JPY,2020-05-20T06:17:03.247,6043510,1054323.0,1054986.0,0.3894,0.1,2179.88346918,1600.94121029,1054317.0,131053.45849429,7909.37856514
BTC_JPY,2020-05-20T06:17:08.717,6043651,1054800.0,1055236.0,7.1498,0.4656,2190.26080238,1603.32233198,1055148.0,131068.50707964,7910.80776514
BTC_JPY,2020-05-20T06:17:13.84,6043733,1054801.0,1055219.0,0.4822,0.1,2193.46817097,1604.27883724,1055148.0,131072.41499784,7910.80776514
BTC_JPY,2020-05-20T06:17:18.99,6043843,1055022.0,1055498.0,0.6279,0.1,2194.02717002,1600.70500878,1054802.0,131079.26600582,7911.45775114
BTC_JPY,2020-05-20T06:20:03.52,6046659,1054481.0,1055018.0,0.25,0.04944,2187.01343421,1608.44139334,1054774.0,131291.67110059,7953.03845679
BTC_JPY,2020-05-20T06:20:08.877,6046750,1054481.0,1054967.0,0.23,0.15,2186.02646079,1612.32301513,1054481.0,131298.09970410002,7952.54845579
BTC_JPY,2020-05-20T06:20:13.863,6046825,1054481.0,1054919.0,0.23,0.1,2187.15986078,1612.96818855,1054481.0,131293.0039041,7952.04745579
BTC_JPY,2020-05-20T06:20:18.193,6046903,1054481.0,1054899.0,0.23,0.1,2188.0042667,1612.78770513,1054481.0,131293.11425192,7952.04745579
BTC_JPY,2020-05-20T06:20:23.297,6046998,1054774.0,1054999.0,0.45,0.5484,2188.29117669,1613.66741513,1054481.0,131292.10214245,7952.04745579
BTC_JPY,2020-05-20T06:20:28.327,6047070,1054483.0,1054774.0,0.02,0.24456333,2189.05197826,1610.82141188,1054774.0,131296.28523779,7952.29745579
BTC_JPY,2020-05-20T06:20:33.18,6047129,1054505.0,1054999.0,0.1,0.2,2188.69654056,1612.16837085,1054900.0,131300.54151679,7952.84545579
BTC_JPY,2020-05-20T06:20:38.43,6047235,1054481.0,1054974.0,1.26,0.1798,2190.77082202,1612.36694231,1054532.0,131301.43768693,7952.89785579
BTC_JPY,2020-05-20T06:20:43.623,6047334,1054520.0,1054946.0,0.01,0.1845,2190.57416202,1612.94186231,1054481.0,131301.57173475,7953.14785579
BTC_JPY,2020-05-20T06:20:48.973,6047475,1054160.0,1054375.0,0.90772923,0.05,2180.61742532,1614.10991821,1054160.0,131312.43266129,7954.26012656
BTC_JPY,2020-05-20T06:20:53.537,6047594,1054160.0,1054617.0,0.90772923,0.1,2184.87585686,1624.28204121,1054160.0,131319.87880824,7954.26012656
BTC_JPY,2020-05-20T06:20:58.293,6047716,1054160.0,1054567.0,0.60772923,0.4733,2187.43630686,1623.35931092,1054160.0,131321.51572671,7954.56012656
BTC_JPY,2020-05-20T06:21:03.64,6047811,1054160.0,1054517.0,0.56773323,0.1,2187.53656353,1623.86573091,1054160.0,131316.67387949,7954.60012256
BTC_JPY,2020-05-20T06:21:09.02,6047928,1054085.0,1054548.0,0.1,0.1,2185.672831300001,1622.28929091,1054073.0,131313.5029922,7954.61012156
BTC_JPY,2020-05-20T06:21:13.633,6048017,1054073.0,1054532.0,0.44000099,0.1,2186.86283129,1623.16093693,1054073.0,131296.00693972,7953.66588056
BTC_JPY,2020-05-20T06:21:18.633,6048118,1054000.0,1054352.0,0.72161084,0.32,2186.23024311,1622.97858397,1054073.0,131287.43414972,7953.86588056
BTC_JPY,2020-05-20T06:21:23.373,6048179,1054000.0,1054339.0,0.72161084,0.1,2185.50887764,1622.57361398,1054073.0,131285.52275525,7952.37087956
BTC_JPY,2020-05-20T06:21:28.51,6048265,1054000.0,1054299.0,0.71161184,0.1,2183.61645484,1624.94334975,1054000.0,131282.68943974,7952.18587956
BTC_JPY,2020-05-20T06:21:33.707,6048393,1053512.0,1053931.0,0.1,0.32,2182.11740922,1623.96106233,1054000.0,131289.2659778,7952.877491399999
BTC_JPY,2020-05-20T06:21:39.113,6048503,1053511.0,1053914.0,0.090001,0.1,2187.29200009,1625.47306232,1053511.0,131291.96814953,7952.887490399998
BTC_JPY,2020-05-20T06:21:43.877,6048616,1053280.0,1053924.0,0.531321,0.05,2186.35934009,1624.36431232,1053280.0,131293.55748327,7953.8974893999975
BTC_JPY,2020-05-20T06:21:48.17,6048674,1053660.0,1053919.0,1.0,0.04948,2187.88757577,1623.91674233,1053280.0,131290.0578498,7953.797489399999
BTC_JPY,2020-05-20T06:21:53.46,6048724,1053660.0,1053849.0,0.5002,0.05,2186.43839577,1623.7894022,1053660.0,131289.39495085,7954.2872893999975
BTC_JPY,2020-05-20T06:21:58.69,6048837,1053500.0,1053843.0,0.090001,0.05,2186.03040524,1625.60337998,1053800.0,131289.15572985,7954.3972884
BTC_JPY,2020-05-20T06:22:03.727,6048943,1053500.0,1053838.0,0.090001,0.05,2186.17801953,1624.77288999,1053511.0,131291.53473354,7954.3982884000025
BTC_JPY,2020-05-20T06:22:08.88,6049062,1053500.0,1053703.0,0.0050030000000000005,0.1,2185.10076972,1622.51498999,1053800.0,131290.77010673,7955.0932864
BTC_JPY,2020-05-20T06:22:13.393,6049164,1053524.0,1053907.0,0.1823,0.32,2185.33109973,1622.76428415,1053850.0,131297.341992,7955.052286399998
BTC_JPY,2020-05-20T06:22:18.357,6049317,1053885.0,1054411.0,0.526,0.6,2187.53195835,1620.88539833,1054000.0,131307.03977954,7955.760286399999
BTC_JPY,2020-05-20T06:25:03.357,6052051,1053498.0,1053918.0,0.1,0.053020000000000005,2190.57756192,1625.67357356,1053475.0,131320.75783032,7966.75524926
BTC_JPY,2020-05-20T06:25:08.56,6052168,1053551.0,1054000.0,0.5341,1.76850027,2190.05557853,1627.80956432,1053550.0,131317.75596895,7967.119823399998
BTC_JPY,2020-05-20T06:25:14.1,6052290,1053592.0,1054000.0,0.1,1.51850027,2189.17775971,1627.7588779999999,1054000.0,131325.61647617,7967.369823399998
BTC_JPY,2020-05-20T06:25:18.923,6052363,1053607.0,1054000.0,0.5251,1.61360027,2188.37179971,1627.54896787,1053606.0,131331.9754412,7967.202483399998
BTC_JPY,2020-05-20T06:25:23.453,6052465,1053583.0,1054000.0,0.306,0.76716184,2188.98471748,1622.34660333,1054000.0,131336.75928963,7968.25892183
BTC_JPY,2020-05-20T06:25:28.417,6052585,1054500.0,1054705.0,0.02,0.04676,2190.28221876,1620.67845451,1054500.0,131357.13906860002,7971.62283945
BTC_JPY,2020-05-20T06:25:34.087,6052712,1054505.0,1054799.0,0.5143,0.01,2189.81641876,1622.48010437,1054771.0,131361.00239573,7971.62483879
BTC_JPY,2020-05-20T06:25:38.727,6052818,1054506.0,1054800.0,0.30000013,0.01,2188.55341617,1623.13212299,1054799.0,131365.82449527,7971.20283879
BTC_JPY,2020-05-20T06:25:43.523,6052880,1054500.0,1054800.0,0.02,0.01,2187.56953478,1622.92088299,1054799.0,131370.42924737,7971.19583945
BTC_JPY,2020-05-20T06:25:48.85,6052946,1054187.0,1054789.0,0.15,0.26,2189.38156616,1624.24176299,1054500.0,131366.31619993,7971.21583945
BTC_JPY,2020-05-20T06:25:53.183,6053054,1054194.0,1054783.0,0.15,0.0515,2189.65608502,1624.64116299,1054500.0,131365.14667165,7971.21583945
BTC_JPY,2020-05-20T06:25:58.797,6053166,1054083.0,1054505.0,0.1,0.5101,2181.4526849,1624.42026299,1054788.0,131369.76387912,7971.01683945
BTC_JPY,2020-05-20T06:26:03.71,6053282,1054086.0,1054789.0,0.2142,0.26,2184.27764426,1621.23174495,1054578.0,131360.35358314,7970.90683945
BTC_JPY,2020-05-20T06:26:08.6,6053379,1054200.0,1054562.0,0.1,0.26,2187.88477313,1621.07113747,1054578.0,131378.89152276,7970.90683945
BTC_JPY,2020-05-20T06:26:13.557,6053461,1054200.0,1054770.0,0.1,0.5413,2189.48916426,1622.2209676,1054557.0,131374.87176068,7970.90806076
BTC_JPY,2020-05-20T06:26:18.177,6053557,1054200.0,1054732.0,0.1,0.26,2189.99716735,1622.00414069,1054557.0,131376.32710195,7970.40806076
BTC_JPY,2020-05-20T06:26:24.103,6053684,1054212.0,1054800.0,0.1771,0.01,2190.49937547,1622.89424069,1054557.0,131374.37080643,7970.38806076
BTC_JPY,2020-05-20T06:26:28.633,6053779,1054331.0,1054800.0,0.5113,0.01,2190.87487548,1622.42796069,1054557.0,131378.67418096,7970.38806076
BTC_JPY,2020-05-20T06:26:33.763,6053883,1054339.0,1054800.0,0.5124,0.01,2190.47457548,1623.59996069,1054557.0,131376.81398396,7970.18806076
BTC_JPY,2020-05-20T06:26:38.503,6053974,1054350.0,1054800.0,0.5113,0.01,2190.47347548,1623.59999234,1054342.0,131378.05294784,7970.20801579
BTC_JPY,2020-05-20T06:26:43.823,6054081,1054361.0,1054982.0,0.5135,0.26,2190.38022548,1623.80387234,1054800.0,131376.33075753,7970.21801579
BTC_JPY,2020-05-20T06:26:48.41,6054174,1054364.0,1054950.0,0.6613,0.26,2190.07647974,1622.64214481,1054800.0,131377.76084445,7970.20801579
BTC_JPY,2020-05-20T06:26:53.137,6054272,1054800.0,1054933.0,0.1,0.05,2181.42893974,1622.53212634,1054800.0,131379.86977403,7970.20801579
BTC_JPY,2020-05-20T06:26:58.08,6054390,1054325.0,1054987.0,0.6078,0.26,2181.36706974,1622.70280494,1054800.0,131379.20417027,7968.60141203
BTC_JPY,2020-05-20T06:27:03.723,6054541,1054079.0,1054885.0,0.15,0.1,2181.81935861,1622.77384647,1054076.0,131383.97555271,7968.85141203
BTC_JPY,2020-05-20T06:27:08.7,6054675,1054641.0,1055000.0,0.44999999,0.013000000000000001,2179.57683683,1614.47947721,1055000.0,131396.07473099,7971.25141203
BTC_JPY,2020-05-20T06:27:13.78,6054826,1054749.0,1055410.0,0.30000013,0.4062,2180.13744859,1617.60293115,1055376.0,131407.13849796,7971.18811083
BTC_JPY,2020-05-20T06:27:18.47,6054933,1054755.0,1055401.0,0.15,0.05,2178.29534846,1617.38378156,1055376.0,131406.64849796,7971.18811083
BTC_JPY,2020-05-20T06:30:03.2,6057648,1054491.0,1055294.0,0.15,0.5453,2186.69508239,1621.70414173,1054488.0,131476.73056186,7989.43013585
BTC_JPY,2020-05-20T06:30:08.433,6057796,1055096.0,1055499.0,0.2,0.1,2190.33193311,1615.45101576,1054488.0,131381.52293865,7989.43013585
BTC_JPY,2020-05-20T06:30:13.7,6057912,1055324.0,1055499.0,0.32,0.1,2193.82355367,1615.71091808,1055096.0,131379.13840229,7989.46222585
BTC_JPY,2020-05-20T06:30:18.71,6058046,1055799.0,1055936.0,0.44999999,0.01,2193.90930967,1602.18542152,1055821.0,131400.26941425,8002.30301737
BTC_JPY,2020-05-20T06:30:22.933,6058169,1055966.0,1056200.0,0.02,0.14963905,2191.46703846,1599.68632316,1056000.0,131405.98767522,8005.97523839
BTC_JPY,2020-05-20T06:30:28.12,6058270,1055586.0,1056200.0,0.5475,0.14963905,2191.81205409,1601.23043879,1055733.0,131410.29651451,8004.06523839
BTC_JPY,2020-05-20T06:30:33.433,6058415,1055757.0,1056200.0,0.097,0.14963905,2191.34448241,1598.5516913,1055738.0,131390.05405125,8004.11708839
BTC_JPY,2020-05-20T06:30:39.003,6058545,1055807.0,1056200.0,0.1,0.14963905,2191.96870537,1600.14764478,1055738.0,131372.29988432,8004.11708839
BTC_JPY,2020-05-20T06:30:43.75,6058632,1055588.0,1056199.0,0.1026,0.5316,2189.44338244,1601.54292478,1055739.0,131366.91733036,8004.91013897
BTC_JPY,2020-05-20T06:30:48.353,6058727,1055789.0,1056248.0,0.15,0.44920505,2189.59861526,1598.73187078,1056248.0,131358.9963872,8005.25207297
BTC_JPY,2020-05-20T06:30:54.137,6058876,1054954.0,1055630.0,0.15,0.621,2180.83569448,1605.13908685,1055249.0,131368.81096748,8007.32606953
BTC_JPY,2020-05-20T06:30:58.953,6059009,1054963.0,1055734.0,0.2614,0.1,2185.11659449,1603.54999206,1055249.0,131354.28484533,8006.87006953
BTC_JPY,2020-05-20T06:31:04.04,6059120,1055482.0,1055738.0,0.32,0.0709,2187.72509449,1605.43714972,1055249.0,131336.12263708,8006.85006953
BTC_JPY,2020-05-20T06:31:08.397,6059217,1055486.0,1056249.0,0.3,0.111,2187.72873543,1605.74410291,1055738.0,131334.27022081,8006.85615253
BTC_JPY,2020-05-20T06:31:14.163,6059339,1055497.0,1056238.0,0.5199,0.46,2188.87530788,1606.27718647,1055738.0,131322.98334012,8006.85615253
BTC_JPY,2020-05-20T06:31:18.19,6059463,1055158.0,1056028.0,0.04594,0.1,2187.52010643,1608.20420206,1056078.0,131322.6424293,8007.17615253
BTC_JPY,2020-05-20T06:31:23.937,6059588,1055149.0,1055467.0,0.05,0.001,2187.4925057,1607.10409555,1056078.0,131330.41870299,8007.15615253
BTC_JPY,2020-05-20T06:31:28.293,6059681,1055155.0,1055467.0,0.05,0.001,2192.83009876,1607.55424458,1056078.0,131326.76301596,8005.22015253
BTC_JPY,2020-05-20T06:31:33.857,6059804,1055399.0,1055913.0,0.1,0.04909,2194.73636643,1607.66339416,1055467.0,131326.62083781,8004.72115253
BTC_JPY,2020-05-20T06:31:39.12,6059915,1055156.0,1055721.0,0.5,0.3592,2194.03694537,1608.48938443,1055398.0,131325.31027555,8005.14115253
BTC_JPY,2020-05-20T06:31:43.33,6060029,1055080.0,1055560.0,0.005,0.46,2190.02070224,1608.01788598,1055080.0,131318.36769851,8007.23615253
BTC_JPY,2020-05-20T06:31:48.503,6060150,1055080.0,1055439.0,0.005,0.5233,2191.40979221,1610.98458658,1055080.0,131322.28037352,8007.33615253
BTC_JPY,2020-05-20T06:31:53.65,6060253,1055000.0,1055388.0,5.207999999999998,0.46,2190.92447256,1608.76508657,1055000.0,131324.82983446,8007.34315253
BTC_JPY,2020-05-20T06:31:59.117,6060332,1055001.0,1055456.0,0.02,0.46,2191.92560397,1605.97739905,1055000.0,131323.37702997,8007.34715253
BTC_JPY,2020-05-20T06:32:04.43,6060415,1055080.0,1055450.0,0.32,0.05476,2192.98809384,1608.50715906,1055000.0,131315.61636876,8007.40315253
BTC_JPY,2020-05-20T06:32:08.69,6060476,1055080.0,1055450.0,0.32,0.05476,2192.66866397,1608.76505905,1055000.0,131316.45999369,8007.40315253
BTC_JPY,2020-05-20T06:32:13.913,6060511,1055080.0,1055434.0,0.318,0.052410000000000005,2192.17700397,1611.05570905,1055080.0,131332.76251314,8007.40515253
BTC_JPY,2020-05-20T06:32:18.777,6060545,1055080.0,1055422.0,0.318,0.0496,2192.58756221,1608.52568129,1055080.0,131332.03416989,8006.83265254
BTC_JPY,2020-05-20T06:35:03.893,6063262,1053927.0,1054359.0,0.04634,0.15,2182.30245392,1611.24896703,1054000.0,131358.80593788,8022.90029447
BTC_JPY,2020-05-20T06:35:08.987,6063395,1054120.0,1054969.0,0.306,0.32,2183.95919946,1609.23658825,1054479.0,131362.80726940001,8023.15029447
BTC_JPY,2020-05-20T06:35:13.63,6063546,1055308.0,1055738.0,0.099,0.15967,2187.72647535,1603.52254001,1055308.0,131384.38611968,8024.59776445
BTC_JPY,2020-05-20T06:35:18.607,6063660,1055308.0,1055715.0,0.099,0.1,2185.91187983,1604.68740566,1055308.0,131390.10761945,8023.86774445
BTC_JPY,2020-05-20T06:35:24,6063838,1054546.0,1055482.0,0.15,0.1,2185.35610413,1609.06845057,1055043.0,131403.96747877,8021.96228956
BTC_JPY,2020-05-20T06:35:29.08,6063958,1054617.0,1055471.0,0.1,0.514,2189.34575828,1607.99451385,1055490.0,131409.0300379,8017.87521039
BTC_JPY,2020-05-20T06:35:33.597,6064047,1054638.0,1055462.0,0.05055,0.7140000000000001,2189.53758841,1606.97392385,1055490.0,131359.81276523,8017.78321039
BTC_JPY,2020-05-20T06:35:39.033,6064157,1054665.0,1055383.0,0.1,0.15,2188.31017843,1607.0249057,1055490.0,131359.45127039,8017.78321039
BTC_JPY,2020-05-20T06:35:43.237,6064268,1054694.0,1055376.0,0.514,0.15,2188.87544333,1607.33002386,1055490.0,131362.22980437,8017.59098923
BTC_JPY,2020-05-20T06:35:48.253,6064379,1054605.0,1055344.0,0.5111,0.3087,2188.71766149,1607.88090031,1055490.0,131349.41350471,8017.28503952
BTC_JPY,2020-05-20T06:35:53.94,6064505,1054604.0,1055291.0,1.0,0.3115,2188.53072281,1609.71073839,1055490.0,131332.44767876,8016.99573852
BTC_JPY,2020-05-20T06:35:58.187,6064585,1054655.0,1055130.0,0.01,0.08,2182.79275281,1610.82023839,1055277.0,131312.72447544,8015.99914741
BTC_JPY,2020-05-20T06:36:03.297,6064668,1054691.0,1055331.0,0.5104,0.23,2184.68044399,1609.84090584,1055127.0,131310.70770183,8015.93699779
BTC_JPY,2020-05-20T06:36:08.27,6064769,1054739.0,1055329.0,0.1,0.2,2189.52119616,1609.89729723,1055127.0,131308.81276007,8015.00699779
BTC_JPY,2020-05-20T06:36:14.033,6064889,1054605.0,1055325.0,0.5117,0.05,2188.80264464,1609.75098736,1055127.0,131306.32776007,8014.00699779
BTC_JPY,2020-05-20T06:36:18.427,6064978,1054658.0,1055126.0,0.05056,0.1928,2187.92880464,1607.56591737,1055127.0,131309.01402456,8013.99699779
BTC_JPY,2020-05-20T06:36:24.017,6065107,1054500.0,1055058.0,0.01,0.1,2186.42874385,1608.04467486,1054604.0,131318.5009391,8014.54755805
BTC_JPY,2020-05-20T06:36:28.393,6065186,1054604.0,1055031.0,0.047,0.1,2187.37758385,1610.143808,1054604.0,131289.58353872,8013.38446261
BTC_JPY,2020-05-20T06:36:33.31,6065245,1054604.0,1055014.0,0.047,0.08,2187.42683385,1609.72290787,1054604.0,131279.60178957,8009.49446461
BTC_JPY,2020-05-20T06:36:38.093,6065292,1054604.0,1055007.0,0.037000000000000005,0.2,2187.40683385,1610.241408,1054604.0,131278.87677012,8009.48316461
BTC_JPY,2020-05-20T06:36:43.15,6065336,1054604.0,1055000.0,0.0699,0.15,2186.94673385,1610.195508,1054604.0,131278.70268475,8009.48316461
BTC_JPY,2020-05-20T06:36:48.31,6065389,1054704.0,1054995.0,3.69999974,0.2,2190.34673346,1610.24840787,1054704.0,131278.30125641,8010.08316487
BTC_JPY,2020-05-20T06:36:54.02,6065465,1054500.0,1054602.0,0.01,0.05,2186.70221332,1611.05013799,1054604.0,131289.62516373,8013.85306461
BTC_JPY,2020-05-20T06:36:58.833,6065527,1054411.0,1054601.0,0.1,0.05,2186.36963181,1611.0012279999999,1054441.0,131294.26704509,8014.3355646
BTC_JPY,2020-05-20T06:37:03.003,6065604,1054411.0,1054704.0,0.1,0.001,2184.08244451,1611.42578952,1054441.0,131307.67957606,8014.3248646
BTC_JPY,2020-05-20T06:37:08.493,6065664,1054411.0,1054703.0,0.1,0.05,2186.42384849,1612.59582198,1054441.0,131312.53707606,8014.1348646
BTC_JPY,2020-05-20T06:37:13.247,6065685,1054650.0,1054703.0,1.0,0.05,2187.57103849,1612.56911198,1054441.0,131309.50158506,8014.1348646
BTC_JPY,2020-05-20T06:37:17.997,6065719,1054411.0,1054441.0,0.1,0.001,2185.9339385000007,1613.28981185,1054650.0,131310.73754774,8015.1348646
BTC_JPY,2020-05-20T06:40:03.44,6069304,1058030.0,1058034.0,0.1,0.17119901,2184.75569962,1593.23264532,1058034.0,131631.92265588,8046.69073273
BTC_JPY,2020-05-20T06:40:08.62,6069402,1057471.0,1058486.0,0.1,0.065499,2185.67244303,1592.323102,1058486.0,131647.97749209,8048.77283273
BTC_JPY,2020-05-20T06:40:13.407,6069533,1057352.0,1058119.0,0.05,0.4385,2183.87119872,1595.10152723,1057999.0,131666.79090755,8050.30408513
BTC_JPY,2020-05-20T06:40:18.25,6069664,1057358.0,1057940.0,0.05,0.44999999,2184.43666787,1594.53266942,1057422.0,131669.42022364,8051.42397014
BTC_JPY,2020-05-20T06:40:23.607,6069820,1057001.0,1057829.0,0.594,0.4605,2183.72784569,1597.51378723,1057155.0,131683.78058603,8055.12101383
BTC_JPY,2020-05-20T06:40:28.923,6069966,1057306.0,1058030.0,0.5452,0.1,2184.52292879,1596.03881112,1057700.0,131687.49721586,8054.01654383
BTC_JPY,2020-05-20T06:40:34.057,6070073,1057317.0,1058028.0,0.4214,0.4468,2185.26092961,1596.53848137,1057700.0,131678.36646967,8053.84875954
BTC_JPY,2020-05-20T06:40:38.29,6070165,1057350.0,1058029.0,0.5944,0.3551,2184.69392961,1594.7948872000006,1057700.0,131670.62528389,8053.93875954
BTC_JPY,2020-05-20T06:40:43.68,6070271,1057357.0,1058029.0,0.08,0.3551,2183.78632148,1595.75481202,1057354.0,131671.8954541,8053.11872358
BTC_JPY,2020-05-20T06:40:48.91,6070428,1057907.0,1058199.0,0.32,0.20987404,2185.61258032,1595.17735561,1058030.0,131679.95192998,8053.14873158
BTC_JPY,2020-05-20T06:40:52.76,6070531,1058797.0,1059000.0,0.4327,0.20688404,2181.0389458,1588.50578343,1057911.0,131697.28621197,8056.60520354
BTC_JPY,2020-05-20T06:40:58.327,6070698,1058632.0,1059150.0,0.05,0.001,2187.82821046,1591.67362414,1059000.0,131733.28763027,8057.02608258
BTC_JPY,2020-05-20T06:41:03.893,6070840,1058825.0,1059150.0,0.1,0.001,2191.67692855,1589.87601948,1058814.0,131758.86984393,8057.07608258
BTC_JPY,2020-05-20T06:41:08.82,6070911,1058827.0,1059354.0,0.08,0.517,2192.14935398,1589.09517225,1059230.0,131765.76310615,8058.10718258
BTC_JPY,2020-05-20T06:41:13.283,6070991,1059000.0,1059150.0,0.106,0.01,2193.36891046,1589.41050555,1058826.0,131773.53900508,8059.11718259
BTC_JPY,2020-05-20T06:41:18.173,6071049,1058826.0,1059349.0,0.1,0.4494,2201.13150666,1590.0131748,1059150.0,131775.24842898,8060.25118259
BTC_JPY,2020-05-20T06:41:23.62,6071191,1057813.0,1058394.0,0.05,0.4595,2187.68951046,1594.65013429,1058500.0,131790.71379402,8066.30118202
BTC_JPY,2020-05-20T06:41:28.45,6071324,1057840.0,1058395.0,0.3458,0.1,2196.39160584,1594.36026989,1058500.0,131804.93323411,8066.26118202
BTC_JPY,2020-05-20T06:41:33.6,6071473,1058600.0,1058696.0,1.14,0.05,2184.94461458,1594.29646987,1058395.0,131803.24013149,8066.35118202
BTC_JPY,2020-05-20T06:41:37.823,6071523,1058600.0,1058838.0,0.179,0.05,2190.59169122,1595.02955525,1058600.0,131799.328099,8067.29218202
BTC_JPY,2020-05-20T06:41:43.343,6071611,1058600.0,1058828.0,0.044006,0.05,2189.81089722,1596.00260525,1058600.0,131802.53535759,8067.42717602
BTC_JPY,2020-05-20T06:41:48.85,6071736,1058395.0,1058817.0,0.41130637,0.7146,2182.66069095,1595.45572513,1058395.0,131811.36692735,8067.70487565
BTC_JPY,2020-05-20T06:41:53.623,6071835,1058395.0,1058806.0,0.39330637,0.2,2189.21309755,1594.84694876,1058395.0,131811.66957269,8067.51287565
BTC_JPY,2020-05-20T06:41:58.57,6071945,1058395.0,1058795.0,0.38330637,0.5315,2189.31747957,1594.13097875,1058395.0,131817.55097281,8067.52287565
BTC_JPY,2020-05-20T06:42:03.56,6072069,1058600.0,1058784.0,0.028002,0.5631,2185.83874604,1598.08847509,1058600.0,131822.19740299,8068.24618002
BTC_JPY,2020-05-20T06:42:09.383,6072253,1057883.0,1058645.0,0.3884,0.4762,2180.99175403,1599.02317268,1058395.0,131829.12850298,8069.70418002
BTC_JPY,2020-05-20T06:42:13.39,6072356,1057812.0,1058641.0,0.1,0.1,2180.19864756,1598.51116901,1057914.0,131830.39848187,8069.78418002
BTC_JPY,2020-05-20T06:42:18.77,6072484,1057812.0,1058389.0,0.1,0.05,2186.20827006,1598.07743548,1057914.0,131829.4669018,8069.78418002
BTC_JPY,2020-05-20T06:45:04.07,6076574,1048613.0,1049467.0,0.1,0.089999,2134.00228132,1605.51651383,1048588.0,132277.07667886,8164.80498878
BTC_JPY,2020-05-20T06:45:08.38,6076732,1048977.0,1049812.0,0.27022075,0.07,2133.24858002,1604.41560072,1048977.0,132304.46188357,8167.75599078
BTC_JPY,2020-05-20T06:45:12.88,6076873,1049870.0,1050812.0,0.1,0.1,2133.90466054,1601.76971137,1050333.0,132330.14234327,8171.77283633
