product_code,timestamp,tick_id,best_bid,best_ask,best_bid_size,best_ask_size,total_bid_depth,total_ask_depth,ltp,volume,volume_by_product
BTC_JPY,2020-06-03T23:55:05.34,21854190,1051500.0,1051856.0,0.01,0.05898,1961.83542351,1245.66445898,1051500.0,98902.20381603,4270.10786683
BTC_JPY,2020-06-03T23:55:10.03,21854339,1051102.0,1051771.0,0.1031,0.32,1956.559345,1245.62592834,1050851.0,98907.44283473,4273.4677147
BTC_JPY,2020-06-03T23:55:14.71,21854473,1051114.0,1051830.0,0.15,0.26,1959.7574329999998,1246.55225834,1051500.0,98913.37332744,4273.6677147
BTC_JPY,2020-06-03T23:55:19.793,21854623,1051124.0,1051842.0,0.5,0.9996,1960.6945629999998,1248.15592833,1051830.0,98885.49127118,4274.157715199999
BTC_JPY,2020-06-03T23:55:24.97,21854738,1051148.0,1051830.0,0.5361,0.66,1961.5156329999998,1248.09602833,1051830.0,98867.6803422,4271.79152395
BTC_JPY,2020-06-03T23:55:29.91,21854857,1051164.0,1051830.0,0.5343,0.2,1961.158953,1247.69852833,1051830.0,98857.61436655,4271.99152395
BTC_JPY,2020-06-03T23:55:34.29,21854959,1051182.0,1051830.0,0.5825,0.2,1965.80055287,1246.94252584,1051830.0,98857.15896118,4271.99152395
BTC_JPY,2020-06-03T23:55:40.107,21855119,1051281.0,1052101.0,0.05751000000000001,0.15,1966.62535754,1245.37030491,1051830.0,98873.01156044,4271.79152395
BTC_JPY,2020-06-03T23:55:44.11,21855249,1051907.0,1052426.0,0.3,0.1,1970.61928273,1242.17370492,1052103.0,98880.31110222,4272.06152394
BTC_JPY,2020-06-03T23:55:49.3,21855415,1051920.0,1052414.0,0.2,0.5335,1967.57979383,1245.14080492,1052426.0,98883.29902616,4272.08152394
BTC_JPY,2020-06-03T23:55:54.667,21855541,1051906.0,1052232.0,0.04,0.5335,1969.61389916,1245.80892202,1052426.0,98885.0860866,4272.08152394
BTC_JPY,2020-06-03T23:55:59.103,21855610,1051906.0,1052240.0,0.04,0.27,1969.97069916,1242.78959215,1052240.0,98882.98548466,4272.13152394
BTC_JPY,2020-06-03T23:56:04.387,21855716,1051907.0,1052462.0,0.3593,0.4206,1965.12919916,1241.94222602,1052240.0,98884.07917708,4272.13052394
BTC_JPY,2020-06-03T23:56:10.22,21855844,1051909.0,1052434.0,0.8335,0.32,1965.77552866,1244.23735164,1051908.0,98884.98392604,4272.14052294
BTC_JPY,2020-06-03T23:56:14.253,21855979,1051929.0,1052626.0,0.35,0.1,1964.59049277,1239.85227576,1051908.0,98884.09225439,4270.61882481
BTC_JPY,2020-06-03T23:56:19.367,21856108,1051940.0,1052609.0,0.15,0.5335,1964.61097277,1243.19676118,1051939.0,98887.17336209,4270.65802294
BTC_JPY,2020-06-03T23:56:24.587,21856204,1051940.0,1052625.0,0.15,0.5335,1964.98983277,1245.41237574,1051939.0,98891.39080735,4270.65802294
BTC_JPY,2020-06-03T23:56:30.17,21856273,1051938.0,1052601.0,0.2,0.5335,1964.03983277,1245.92337574,1051939.0,98888.93951512,4270.41212993
BTC_JPY,2020-06-03T23:56:34.877,21856316,1052303.0,1052626.0,0.2,0.1,1972.45859277,1244.54437574,1051939.0,98888.95951512,4270.41212993
BTC_JPY,2020-06-03T23:56:40.223,21856373,1052303.0,1052492.0,0.038006,0.32,1982.63945111,1244.56106401,1052303.0,98891.12221984,4270.57412393
BTC_JPY,2020-06-03T23:56:44.727,21856422,1052303.0,1052492.0,0.002706,0.32,1991.46034111,1245.10682808,1052303.0,98888.68850964,4270.41942393
BTC_JPY,2020-06-03T23:56:49.43,21856445,1052302.0,1052492.0,12.29,0.32,1990.62815512,1243.84682808,1052303.0,98877.86111236,4270.41942393
BTC_JPY,2020-06-03T23:56:54.68,21856481,1052302.0,1052492.0,12.29,0.32,1993.86815512,1243.09601808,1052303.0,98872.30844939,4270.31942393
BTC_JPY,2020-06-03T23:56:59.557,21856508,1052303.0,1052468.0,0.62,0.32,1994.91515512,1243.21294808,1052303.0,98872.62701163,4270.31942393
BTC_JPY,2020-06-03T23:57:05.17,21856528,1052303.0,1052468.0,0.62,0.32,1994.71515512,1245.04052808,1052303.0,98870.44389269999,4270.29942393
BTC_JPY,2020-06-03T23:57:10.307,21856575,1052474.0,1052626.0,7.898,0.1,2005.28534512,1244.38452808,1052492.0,98865.5727927,4270.72142393
BTC_JPY,2020-06-03T23:57:14.07,21856657,1052486.0,1052973.0,11.62,0.15,2016.47873512,1241.74088144,1052626.0,98868.31050246,4270.82142393
BTC_JPY,2020-06-03T23:57:19.883,21856772,1052487.0,1053179.0,0.2,0.26999999,2018.85939381,1243.15620889,1053000.0,98875.55985241,4271.71307725
BTC_JPY,2020-06-04T00:00:04.323,21859140,1053821.0,1054238.0,0.3861,0.1,2009.21563091,1250.42109052,1054000.0,98966.91331126,4320.71564697
BTC_JPY,2020-06-04T00:00:09.52,21859244,1053829.0,1054227.0,0.06076,0.1,2008.94474775,1252.32760621,1054238.0,98964.29893977,4320.05044698
BTC_JPY,2020-06-04T00:00:14.173,21859313,1053844.0,1054238.0,0.064,0.9986,2009.34258762,1249.37509039,1054238.0,98956.83899571,4319.16388263
BTC_JPY,2020-06-04T00:00:19.49,21859449,1054208.0,1054600.0,0.1,0.15,2012.05166252,1250.79022938,1054510.0,98915.80701133,4321.07148263
BTC_JPY,2020-06-04T00:00:25.15,21859554,1054235.0,1054548.0,0.1,0.3946,2012.00002741,1251.15915414,1054601.0,98925.44284332,4323.03091276
BTC_JPY,2020-06-04T00:00:29.947,21859664,1053981.0,1054249.0,0.05846000000000001,0.1,2009.98761207,1253.06023427,1054235.0,98937.18610762,4323.02091476
BTC_JPY,2020-06-04T00:00:34.957,21859763,1053821.0,1054235.0,0.2,0.999,2010.92265844,1254.45317427,1054235.0,98970.56840948,4323.45701825
BTC_JPY,2020-06-04T00:00:39.863,21859851,1053953.0,1054235.0,0.5573,0.29544191,2009.08096366,1252.4332324000004,1054235.0,99043.44626653,4324.16057634
BTC_JPY,2020-06-04T00:00:44.473,21859934,1054236.0,1054626.0,0.5472,1.1,2009.16764208,1249.49440049,1054255.0,99066.08020555,4324.53057634
BTC_JPY,2020-06-04T00:00:49.57,21860032,1054235.0,1054255.0,0.18500816,0.1,2008.44504466,1249.49012497,1054235.0,99073.18682982,4324.04706815
BTC_JPY,2020-06-04T00:00:54.647,21860096,1054235.0,1054255.0,0.16493409,0.09,2008.02844611,1250.20577049,1054255.0,99006.1820793,4321.2067327
BTC_JPY,2020-06-04T00:00:59.137,21860134,1054235.0,1054255.0,0.06293409,0.07,2008.85001611,1252.59667049,1054235.0,98986.70755018,4321.03886169
BTC_JPY,2020-06-04T00:01:04.707,21860195,1053909.0,1054235.0,0.1,1.838,2006.50567458,1254.54806305,1054235.0,99002.95175341,4320.89179578
BTC_JPY,2020-06-04T00:01:09.757,21860240,1054106.0,1054235.0,0.22,1.726,2009.01108458,1254.43356305,1054106.0,98998.56578507,4320.81379578
BTC_JPY,2020-06-04T00:01:15.033,21860416,1053768.0,1054276.0,0.07556914,0.15,1981.25869312,1258.12744431,1053768.0,99038.13714745,4342.61222864
BTC_JPY,2020-06-04T00:01:19.48,21860541,1053768.0,1054215.0,7.669e-05,0.15,1982.20414066,1259.13594444,1053768.0,99048.70175586,4342.68772109
BTC_JPY,2020-06-04T00:01:24.863,21860666,1053524.0,1054004.0,0.2191,0.15,1980.48783398,1259.91885444,1053604.0,99062.47505542,4343.04177447
BTC_JPY,2020-06-04T00:01:30.09,21860744,1053546.0,1054030.0,0.05129,0.1,1980.92624396,1257.58331444,1053546.0,99074.51575046,4343.05207447
BTC_JPY,2020-06-04T00:01:34.523,21860796,1053545.0,1054030.0,0.05648,0.1,1980.94674844,1257.08126444,1053546.0,99077.09794577,4342.85207447
BTC_JPY,2020-06-04T00:01:39.92,21860920,1053524.0,1053972.0,0.0091,0.31,1981.79903672,1260.85286719,1053524.0,99083.94214049,4343.26207447
BTC_JPY,2020-06-04T00:01:44.513,21861029,1053524.0,1053957.0,0.0633309,0.2,1983.82789881,1258.54304639,1053524.0,99091.08057787,4343.27107357
BTC_JPY,2020-06-04T00:01:49.83,21861173,1053500.0,1053907.0,0.0001029,0.15,1986.76227008,1258.86066565,1053500.0,99094.77095908,4343.80017157
BTC_JPY,2020-06-04T00:01:54.613,21861269,1053500.0,1053879.0,0.0573229,0.2,1984.22629008,1260.87086565,1053500.0,99085.26584418,4343.80017157
BTC_JPY,2020-06-04T00:01:59.907,21861344,1053622.0,1053999.0,0.0608,0.2,1983.67503777,1258.79500321,1053881.0,99092.00657084,4343.89717157
BTC_JPY,2020-06-04T00:02:04.77,21861429,1053500.0,1053950.0,0.0001029,0.2,1982.36963777,1258.58387334,1053881.0,99077.59537011,4343.88017157
BTC_JPY,2020-06-04T00:02:09.167,21861560,1053508.0,1053932.0,0.8791,0.2,1984.21723764,1257.34643321,1053921.0,99080.7364095,4341.74537157
BTC_JPY,2020-06-04T00:02:14.437,21861712,1053953.0,1054456.0,0.32,0.0877,1985.42912286,1256.45598992,1054030.0,99085.55294989,4341.84537157
BTC_JPY,2020-06-04T00:02:20.3,21861894,1053994.0,1054515.0,0.2,0.06234,1986.49047635,1254.21872528,1054524.0,99090.06322362,4341.85039228
BTC_JPY,2020-06-04T00:05:04.75,21865443,1052310.0,1052745.0,0.06226,0.03,1958.42221919,1259.76712497,1052476.0,99147.99363859,4372.08554028
BTC_JPY,2020-06-04T00:05:09.587,21865537,1052421.0,1052745.0,0.15,0.03,1961.90736438,1260.66847078,1052420.0,99150.56298316,4372.10554028
BTC_JPY,2020-06-04T00:05:14.193,21865583,1052419.0,1052747.0,0.15,0.2,1963.21634438,1261.95867078,1052420.0,99151.52567545,4372.10554028
BTC_JPY,2020-06-04T00:05:19.54,21865636,1052311.0,1052747.0,0.06452999999999999,0.2,1964.78992438,1262.95867078,1052420.0,99142.53956894,4373.10554028
BTC_JPY,2020-06-04T00:05:24.647,21865702,1052303.0,1052742.0,0.62,0.0575,1963.68035932,1266.03447078,1052420.0,99141.63909158,4373.08554028
BTC_JPY,2020-06-04T00:05:29.917,21865794,1052303.0,1052725.0,0.62,0.3,1965.00155516,1265.84665169,1052420.0,99137.93772012,4372.79554028
BTC_JPY,2020-06-04T00:05:34.637,21865903,1052303.0,1052687.0,0.62,0.05962000000000001,1963.51493919,1267.37051156,1052420.0,99144.41174692,4372.79554028
BTC_JPY,2020-06-04T00:05:39.213,21865999,1052420.0,1052658.0,0.01,0.3,1964.17396517,1268.07129169,1052303.0,99142.32495849,4372.80554028
BTC_JPY,2020-06-04T00:05:44.2,21866093,1052303.0,1052639.0,0.61,0.5704,1964.03656518,1265.41183572,1052420.0,99147.05652995,4372.81554028
BTC_JPY,2020-06-04T00:05:49.703,21866186,1052303.0,1052624.0,0.61,0.15,1963.72420518,1266.20343169,1052420.0,99148.60673711,4372.81554028
BTC_JPY,2020-06-04T00:05:54.93,21866264,1052420.0,1052604.0,0.004,0.3,1963.68940518,1266.45489169,1052303.0,99157.94309711,4372.86554028
BTC_JPY,2020-06-04T00:06:00.137,21866352,1052303.0,1052551.0,0.56,0.3,1963.71411518,1264.35249156,1052420.0,99167.12375164,4372.90954028
BTC_JPY,2020-06-04T00:06:04.833,21866417,1052303.0,1052549.0,0.84,0.3,1963.62311518,1264.67478572,1052303.0,99170.72990805,4372.92954028
BTC_JPY,2020-06-04T00:06:09.827,21866539,1051908.0,1052029.0,1.81592841,0.15,1936.74778759,1265.80493526,1051908.0,99187.11995411,4374.4635019
BTC_JPY,2020-06-04T00:06:14.497,21866680,1051272.0,1051981.0,0.15,0.5693,1956.13574647,1267.53663572,1051996.0,99206.51363276,4377.77943031
BTC_JPY,2020-06-04T00:06:19.44,21866850,1051278.0,1051923.0,0.060610000000000004,0.3,1957.8440237,1266.87490011,1051996.0,99221.59063276,4377.77943031
BTC_JPY,2020-06-04T00:06:24.413,21867000,1051272.0,1051881.0,0.15,0.15,1958.58152931,1268.27785015,1051996.0,99225.70440475,4377.72293031
BTC_JPY,2020-06-04T00:06:29.607,21867149,1051321.0,1051824.0,0.2,0.7193,1959.15011357,1266.24652015,1051996.0,99220.67855561,4377.72293031
BTC_JPY,2020-06-04T00:06:34.483,21867288,1051325.0,1051778.0,0.05605,0.5722,1958.2381237,1264.38106563,1051320.0,99225.03933137,4378.72297031
BTC_JPY,2020-06-04T00:06:39.3,21867431,1051003.0,1051655.0,0.06443,0.5652,1958.75500369,1264.79750299,1051325.0,99226.12737589,4379.24299031
BTC_JPY,2020-06-04T00:06:45.037,21867602,1050572.0,1050995.0,0.15,0.2,1956.16655931,1266.13313738,1050614.0,99235.9825864,4380.19178381
BTC_JPY,2020-06-04T00:06:49.933,21867756,1050571.0,1050980.0,0.0816,1.0,1958.41539094,1266.50009563,1050614.0,99249.4070771,4379.82184116
BTC_JPY,2020-06-04T00:06:54.533,21867828,1050579.0,1050996.0,0.2,0.29100000000000004,1960.46429094,1265.66266739,1050572.0,99264.01393779,4379.79128379
BTC_JPY,2020-06-04T00:06:59.957,21868005,1050692.0,1051625.0,0.7635,0.15,1957.20504783,1256.74464576,1051648.0,99264.15354797,4382.34008379
BTC_JPY,2020-06-04T00:07:05.12,21868154,1051045.0,1051820.0,0.15,0.03,1955.81530381,1259.65274575,1051648.0,99273.36583444,4382.34008379
BTC_JPY,2020-06-04T00:07:09.997,21868284,1051662.0,1052145.0,0.05735,1.0,1958.81675367,1257.69454575,1051924.0,99283.17820635,4382.20008379
BTC_JPY,2020-06-04T00:07:14.69,21868386,1051664.0,1052145.0,0.05661,1.0,1957.2954693,1258.89778704,1051924.0,99293.6023319,4382.20008379
BTC_JPY,2020-06-04T00:07:19.957,21868515,1051198.0,1052107.0,0.5571,0.5,1960.60962367,1260.57099012,1051648.0,99301.84618221,4382.20908379
BTC_JPY,2020-06-04T00:10:04.097,21871860,1050570.0,1051051.0,0.5171,0.199,1965.5301774,1258.11685761,1050577.0,99356.8808107,4376.64682377
BTC_JPY,2020-06-04T00:10:09.81,21871985,1050594.0,1051300.0,0.3438,0.9996,1967.81345443,1235.96235312,1051171.0,99366.68076637,4379.78708538
BTC_JPY,2020-06-04T00:10:15.06,21872137,1051064.0,1051526.0,0.056170000000000005,0.1,1965.51522443,1235.16296325,1051300.0,99374.48485493,4380.78668538
BTC_JPY,2020-06-04T00:10:20.16,21872277,1050845.0,1051526.0,0.05674,0.1,1967.44519442,1234.71048325,1051300.0,99384.295755,4380.78668538
BTC_JPY,2020-06-04T00:10:24.907,21872388,1050913.0,1051526.0,0.15,0.1,1967.14095442,1236.11384027,1051300.0,99393.56703059,4379.18668538
BTC_JPY,2020-06-04T00:10:29.827,21872488,1050934.0,1051526.0,0.5224,0.1,1968.06402758,1236.51286014,1051300.0,99397.66360651,4379.18668538
BTC_JPY,2020-06-04T00:10:35.25,21872599,1050957.0,1051526.0,0.15,0.1,1968.31204758,1236.46114014,1051300.0,99395.11893882,4379.18668538
BTC_JPY,2020-06-04T00:10:39.503,21872689,1051105.0,1051526.0,0.35,0.0369,1965.76086727,1235.29789014,1051526.0,99399.02151245,4380.39828438
BTC_JPY,2020-06-04T00:10:44.54,21872795,1050919.0,1051650.0,0.5437,1.2,1966.15446983,1235.85199014,1051526.0,99395.05337245,4380.39828438
BTC_JPY,2020-06-04T00:10:49.8,21872940,1050938.0,1051526.0,0.5514,0.01,1967.63865888,1252.10650947,1051650.0,99394.28640926,4381.72059028
BTC_JPY,2020-06-04T00:10:55.137,21873043,1050955.0,1051526.0,0.2,0.01,1969.16307265,1254.20390934,1051650.0,99381.62784063,4381.72059028
BTC_JPY,2020-06-04T00:10:59.6,21873148,1051000.0,1051596.0,0.07,0.39285623,1968.54069265,1260.08750947,1051622.0,99376.23564973,4381.87459028
BTC_JPY,2020-06-04T00:11:04.973,21873271,1051000.0,1051459.0,0.07,0.15,1970.11009934,1260.50591993,1051622.0,99385.3935012,4381.87459028
BTC_JPY,2020-06-04T00:11:09.067,21873357,1051000.0,1051450.0,0.07,0.205,1970.24109934,1261.32345993,1051622.0,99370.90075149,4381.87459028
BTC_JPY,2020-06-04T00:11:14.167,21873471,1051000.0,1051441.0,0.07,0.47,1970.43774934,1262.81283993,1051622.0,99370.06003978,4381.67459028
BTC_JPY,2020-06-04T00:11:19.89,21873607,1051000.0,1051354.0,0.07,0.26999999,1969.17639265,1262.72211993,1051622.0,99368.75878257,4381.67459028
BTC_JPY,2020-06-04T00:11:24.963,21873774,1050501.0,1051170.0,0.2733,0.5858,1968.30287116,1262.48875175,1051000.0,99394.78713067,4382.13159028
BTC_JPY,2020-06-04T00:11:29.353,21873884,1050507.0,1051142.0,0.5385,0.4083,1969.11888103,1263.12931175,1051000.0,99396.92143883,4382.13159028
BTC_JPY,2020-06-04T00:11:34.503,21874022,1050805.0,1051313.0,0.5385,0.03,1971.62308116,1259.99635325,1051000.0,99405.50629549,4382.12159028
BTC_JPY,2020-06-04T00:11:39.4,21874146,1050535.0,1051313.0,0.05912000000000001,0.03,1970.00471185,1262.46650244,1051000.0,99402.43955311,4381.81204977
BTC_JPY,2020-06-04T00:11:44.873,21874273,1050647.0,1051313.0,0.062,0.03,1968.67709185,1263.45490244,1051000.0,99401.30976358,4381.81204977
BTC_JPY,2020-06-04T00:11:49.45,21874365,1050502.0,1051313.0,0.1515,0.03,1972.03599265,1264.30940244,1051000.0,99403.17566213,4381.81204977
BTC_JPY,2020-06-04T00:11:54.88,21874448,1051000.0,1051312.0,0.1,0.3930992,1972.68856185,1264.08190244,1051000.0,99372.82037198,4380.85204977
BTC_JPY,2020-06-04T00:11:58.42,21874471,1051000.0,1051312.0,0.2,0.3930992,1972.52019185,1264.08490244,1051000.0,99366.9246256,4380.85204977
BTC_JPY,2020-06-04T00:12:03.557,21874493,1051000.0,1051312.0,0.19,0.3930992,1972.12400185,1264.08490244,1051000.0,99361.25882251,4379.86204977
BTC_JPY,2020-06-04T00:12:10.03,21874524,1051001.0,1051313.0,0.15,0.03,1971.97841172,1264.07690244,1051000.0,99348.03319367,4377.89264977
BTC_JPY,2020-06-04T00:12:15.29,21874558,1051001.0,1051313.0,0.15,0.03,1971.53209172,1263.08690244,1051000.0,99343.40547607,4377.89264977
BTC_JPY,2020-06-04T00:12:19.873,21874599,1051001.0,1051312.0,0.15,0.39309696,1973.45008961,1263.00805007,1051006.0,99342.15222661,4377.40064964
BTC_JPY,2020-06-04T00:15:04.697,21877421,1051000.0,1051215.0,0.52592223,0.20994018,1974.3971497000002,1259.0413849000001,1051215.0,99232.54919456,4373.09159861
BTC_JPY,2020-06-04T00:15:09.663,21877449,1051000.0,1051215.0,0.47592223,0.10894018,1974.0247197,1258.33332477,1051215.0,99231.30629558,4373.24259861
BTC_JPY,2020-06-04T00:15:15.023,21877485,1051000.0,1051215.0,0.53397223,0.00894018,1973.7593116,1258.3283867999999,1051215.0,99233.63258119998,4373.34259861
BTC_JPY,2020-06-04T00:15:19.52,21877502,1051000.0,1051215.0,0.53397223,0.00894018,1974.0893116,1258.6483867999998,1051215.0,99233.06706884,4373.34259861
BTC_JPY,2020-06-04T00:15:24.913,21877548,1051000.0,1051315.0,0.47592223,0.30105982,1971.5705415999998,1259.98293644,1051300.0,99242.78105217,4373.45153879
BTC_JPY,2020-06-04T00:15:30.263,21877683,1050500.0,1050993.0,0.72534436,0.31,1969.11440759,1260.20585243,1051000.0,99254.30094133,4373.92746102
BTC_JPY,2020-06-04T00:15:34.5,21877818,1050500.0,1050981.0,0.72534436,0.49,1969.10630759,1261.01369243,1051000.0,99255.87204764,4373.91546102
BTC_JPY,2020-06-04T00:15:39.277,21877932,1050500.0,1050949.0,0.72534436,0.19,1968.17540759,1259.98139243,1051000.0,99256.22328764,4373.91546102
BTC_JPY,2020-06-04T00:15:44.87,21878043,1050500.0,1050501.0,0.70534436,0.32,1967.27031962,1262.18779458,1050500.0,99267.455163,4373.93546102
BTC_JPY,2020-06-04T00:15:49.687,21878177,1050157.0,1050302.0,0.1,0.32,1966.98949621,1261.00221395,1050262.0,99287.57145382,4373.74480538
BTC_JPY,2020-06-04T00:15:54.727,21878281,1050005.0,1050390.0,0.03709,0.3,1965.66230268,1263.07102252,1050005.0,99288.29546625,4373.78480538
BTC_JPY,2020-06-04T00:15:59.917,21878381,1050006.0,1050674.0,0.2,0.31,1966.1641605,1260.64510021,1050567.0,99294.5835871,4375.62546448
BTC_JPY,2020-06-04T00:16:04.313,21878482,1050006.0,1050666.0,0.2,0.4959,1964.7728178,1261.81659887,1050157.0,99298.63788868,4375.68546448
BTC_JPY,2020-06-04T00:16:10.497,21878617,1050012.0,1050668.0,0.3002,0.15,1964.5502877999998,1263.30057252,1050157.0,99304.10977805,4375.68546448
BTC_JPY,2020-06-04T00:16:14.607,21878732,1050142.0,1051028.0,0.35,0.01,1965.23389011,1262.01196252,1050669.0,99324.06545805,4375.71546448
BTC_JPY,2020-06-04T00:16:19.487,21878867,1050001.0,1050996.0,0.1063,0.6876,1964.28119011,1262.79024252,1050000.0,99326.83832312,4377.37245448
BTC_JPY,2020-06-04T00:16:24.467,21879009,1050158.0,1051019.0,0.1695,0.6825,1965.53714011,1261.02104239,1051026.0,99324.87368254,4377.61145448
BTC_JPY,2020-06-04T00:16:29.143,21879146,1050173.0,1050647.0,0.0601,0.2,1965.19762351,1263.75304251,1051026.0,99334.27476301,4377.61145448
BTC_JPY,2020-06-04T00:16:35.203,21879299,1050162.0,1050632.0,0.06294,0.2,1965.36402407,1263.43080251,1050157.0,99342.63584151,4377.77145448
BTC_JPY,2020-06-04T00:16:39.41,21879388,1050162.0,1050620.0,0.06294,0.6859,1965.68402407,1263.17930251,1050157.0,99342.01678683,4377.77145448
BTC_JPY,2020-06-04T00:16:44.71,21879516,1050163.0,1050631.0,0.05769,0.03,1969.64427407,1263.83382241,1050164.0,99341.34238729,4377.78145448
BTC_JPY,2020-06-04T00:16:49.773,21879568,1050164.0,1050631.0,0.3473,0.03,1970.95878407,1266.42594254,1050164.0,99346.64362311,4377.46915448
BTC_JPY,2020-06-04T00:16:54.18,21879633,1050158.0,1050631.0,0.2901,0.03,1972.90158145,1265.51013992,1050164.0,99321.03686771,4377.20645448
BTC_JPY,2020-06-04T00:16:59.293,21879784,1050157.0,1050805.0,0.40665,0.15,1970.29248145,1266.37436992,1050164.0,99297.70106146,4377.22145448
BTC_JPY,2020-06-04T00:17:04.577,21879932,1050157.0,1050776.0,0.40665,1.0,1967.31048145,1259.56743992,1050164.0,99284.00341895,4377.22145448
BTC_JPY,2020-06-04T00:17:09.963,21880075,1050157.0,1050554.0,0.40665,0.15,1968.29302132,1260.81385992,1050164.0,99286.31045408,4377.22145448
BTC_JPY,2020-06-04T00:17:14.997,21880180,1050157.0,1050530.0,0.40665,0.31,1971.29815885,1262.76434993,1050164.0,99286.36397683,4377.22145448
BTC_JPY,2020-06-04T00:17:20.067,21880274,1050157.0,1050455.0,0.3167346,0.31,1971.21615345,1262.96733993,1050517.0,99287.4578378,4377.31236988
BTC_JPY,2020-06-04T00:20:04.95,21882410,1050178.0,1050591.0,0.3,0.19,1976.99797144,1252.97193955,1050592.0,99240.63616598,4373.73755103
BTC_JPY,2020-06-04T00:20:09.82,21882475,1050192.0,1050591.0,0.15,0.19,1976.89617517,1253.72278968,1050592.0,99238.30093206,4373.73645103
BTC_JPY,2020-06-04T00:20:14.443,21882541,1050204.0,1050591.0,0.15,0.19,1975.20617517,1253.75091955,1050592.0,99235.4871504,4372.73645103
BTC_JPY,2020-06-04T00:20:19.857,21882615,1050171.0,1050591.0,0.15,0.19,1977.22507292,1252.28217743,1050592.0,99220.28145415,4372.73645103
BTC_JPY,2020-06-04T00:20:24.767,21882686,1050158.0,1050591.0,3.39832,0.19,1974.83375292,1252.20883743,1050592.0,99218.00087481,4372.73645103
BTC_JPY,2020-06-04T00:20:29.19,21882739,1050163.0,1050651.0,0.06462000000000001,0.39310148,1976.36769292,1252.58012742,1050649.0,99211.26645113,4372.82645103
BTC_JPY,2020-06-04T00:20:34.96,21882783,1050159.0,1050650.0,0.1,0.1,1977.41407279,1252.47057742,1050649.0,99209.70123172,4372.92645103
BTC_JPY,2020-06-04T00:20:39.2,21882815,1050159.0,1050650.0,0.1,0.1,1977.26561292,1252.51290742,1050649.0,99210.17123172,4373.02645103
BTC_JPY,2020-06-04T00:20:44.573,21882868,1050165.0,1050650.0,0.05513,0.1,1977.93820292,1252.16757729,1050649.0,99207.24920172,4372.22645103
BTC_JPY,2020-06-04T00:20:50.64,21882993,1050188.0,1050824.0,0.2,0.01,1977.89997144,1253.3945161,1050649.0,99202.17729242,4371.65745103
BTC_JPY,2020-06-04T00:20:54.92,21883062,1050196.0,1050799.0,0.1,0.1,1975.9390316,1253.8255561,1050649.0,99197.30601276,4371.11745103
BTC_JPY,2020-06-04T00:20:59.177,21883158,1050170.0,1050824.0,0.1,0.01,1979.4240516,1253.8251561,1050649.0,99196.41571495,4371.11745103
BTC_JPY,2020-06-04T00:21:04.75,21883249,1050195.0,1050813.0,0.06019,0.2,1979.4342416,1254.3790061,1050649.0,99193.44363346,4371.11745103
BTC_JPY,2020-06-04T00:21:09.653,21883316,1050209.0,1050648.0,0.15,0.1,1979.2049516,1254.1465161,1050649.0,99189.31793781,4371.11745103
BTC_JPY,2020-06-04T00:21:14.087,21883361,1050217.0,1050648.0,0.15,0.1,1979.0440516,1254.1018161,1050649.0,99189.70065273,4371.11745103
BTC_JPY,2020-06-04T00:21:19.51,21883417,1050196.0,1050648.0,0.1,0.1,1979.1960516,1254.0381561,1050649.0,99188.20855549,4371.11745103
BTC_JPY,2020-06-04T00:21:25.347,21883538,1050158.0,1050620.0,2.778879,0.7875,1974.21581047,1254.48827598,1050158.0,99196.00087098,4371.83737203
BTC_JPY,2020-06-04T00:21:29.84,21883681,1050158.0,1050539.0,2.778879,0.19,1976.58751438,1256.55811988,1050158.0,99190.72788242,4371.83737203
BTC_JPY,2020-06-04T00:21:35.333,21883789,1050158.0,1050492.0,2.778879,0.15,1975.56325044,1257.19651988,1050158.0,99190.31741147,4371.83737203
BTC_JPY,2020-06-04T00:21:39.75,21883836,1050158.0,1050462.0,2.7588790000000003,0.15,1975.94007438,1256.54417594,1050158.0,99188.83771582,4371.85737203
BTC_JPY,2020-06-04T00:21:45.003,21883932,1050229.0,1050649.0,0.4920000000000001,1.533,1974.32279425,1251.83643989,1050205.0,99196.87148582,4371.90737203
BTC_JPY,2020-06-04T00:21:50.317,21884063,1050200.0,1050605.0,0.00951,0.15,1973.62359678,1256.57222228,1050205.0,99210.55244076,4370.52016856
BTC_JPY,2020-06-04T00:21:54.483,21884156,1050200.0,1050561.0,0.00951,0.19,1975.95759678,1257.40102228,1050205.0,99184.74031295,4370.10146368
BTC_JPY,2020-06-04T00:21:59.54,21884206,1050200.0,1050538.0,0.00951,0.06471,1975.94900678,1258.47273228,1050205.0,99182.78122312,4370.08996368
BTC_JPY,2020-06-04T00:22:04.643,21884315,1050200.0,1050600.0,0.00951,0.15,1975.90248678,1258.51682228,1050560.0,99165.07284283,4370.18996368
BTC_JPY,2020-06-04T00:22:09.81,21884409,1050211.0,1050586.0,0.1,0.2,1976.31610968,1257.12263594,1050598.0,99168.82754684,4370.19996368
BTC_JPY,2020-06-04T00:22:14.577,21884442,1050205.0,1050586.0,0.03,0.2,1977.08968968,1258.25547518,1050598.0,99169.62736861,4370.19996368
BTC_JPY,2020-06-04T00:22:19.683,21884526,1050205.0,1050466.0,0.03,0.15,1976.11305968,1258.24777518,1050473.0,99171.64855552,4370.30996368
BTC_JPY,2020-06-04T00:25:04.563,21887826,1047001.0,1047321.0,0.1,0.99819594,1953.42578998,1253.30089047,1047257.0,99340.00561235,4353.39817928
BTC_JPY,2020-06-04T00:25:09.447,21888003,1046001.0,1047265.0,0.15,0.32,1951.58026916,1254.34230938,1046000.0,99346.28212425,4353.49442875
BTC_JPY,2020-06-04T00:25:14.86,21888208,1045650.0,1046675.0,0.053,0.15,1951.03727654,1250.21702938,1045977.0,99366.01540136,4354.57807214
BTC_JPY,2020-06-04T00:25:19.19,21888322,1045654.0,1046671.0,0.15,0.185,1952.14059229,1251.06689938,1046671.0,99396.46706655,4355.05311812
BTC_JPY,2020-06-04T00:25:25.283,21888546,1046379.0,1047327.0,0.15,0.32,1954.49997566,1248.99119595,1047366.0,99423.42338736,4354.81877906
BTC_JPY,2020-06-04T00:25:29.96,21888674,1046398.0,1047364.0,0.15,0.1515,1954.87368916,1249.09249608,1046670.0,99437.92289905,4353.34455526
BTC_JPY,2020-06-04T00:25:34.397,21888797,1046679.0,1047585.0,0.35,0.0636,1954.36529104,1249.017198,1046670.0,99447.21212225,4353.31055526
BTC_JPY,2020-06-04T00:25:39.337,21888927,1046671.0,1047300.0,0.30000013,0.19,1954.29093727,1249.592968,1046680.0,99433.01109389,4353.51055526
BTC_JPY,2020-06-04T00:25:44.967,21889041,1046670.0,1047301.0,0.1,0.19,1956.13658727,1247.34539424,1046680.0,99435.8339204,4353.41895526
BTC_JPY,2020-06-04T00:25:50.153,21889177,1046680.0,1047161.0,0.1,0.4894,1956.67056727,1247.62976938,1046683.0,99433.50946643,4351.59895526
BTC_JPY,2020-06-04T00:25:54.497,21889285,1046680.0,1047165.0,0.05,0.4844,1957.88492614,1248.11575296,1046683.0,99442.69872021,4352.41895526
BTC_JPY,2020-06-04T00:25:59.767,21889400,1046686.0,1047207.0,0.15,0.19,1959.40847198,1247.78648938,1047039.0,99450.91012597,4352.73895526
BTC_JPY,2020-06-04T00:26:04.47,21889470,1046736.0,1047207.0,0.1219,0.19,1960.84648501,1247.59842197,1046686.0,99454.68799263,4352.93795526
BTC_JPY,2020-06-04T00:26:09.097,21889576,1046773.0,1047206.0,0.03,0.19899999999999998,1964.73816501,1246.58336925,1046686.0,99458.10935234,4352.88795526
BTC_JPY,2020-06-04T00:26:14.72,21889726,1047280.0,1047559.0,0.18,0.1,1965.34936771,1247.34723817,1047203.0,99464.57798229,4353.69695526
BTC_JPY,2020-06-04T00:26:19.76,21889802,1046908.0,1047560.0,0.3,0.19,1964.51936771,1248.06263817,1047000.0,99470.71846354,4350.06904811
BTC_JPY,2020-06-04T00:26:24.673,21889939,1047148.0,1047911.0,0.06448,0.1313,1972.75584154,1242.16106939,1047770.0,99476.24439081,4350.18689525
BTC_JPY,2020-06-04T00:26:29.833,21890101,1047873.0,1048330.0,0.32,0.0369,1971.7180989,1242.54947834,1048130.0,99481.56147157,4351.78669527
BTC_JPY,2020-06-04T00:26:34.713,21890228,1047885.0,1048486.0,0.8429,0.3928,1972.34784137,1244.85801834,1048130.0,99492.24391497,4351.76679428
BTC_JPY,2020-06-04T00:26:39.177,21890348,1047895.0,1048377.0,0.2,0.4126,1970.8686824000001,1245.10169833,1048380.0,99491.19090953,4350.89279127
BTC_JPY,2020-06-04T00:26:45.087,21890493,1048380.0,1048500.0,0.63810092,0.01,1975.31954832,1243.72502437,1048380.0,99497.10863273,4351.31468435
BTC_JPY,2020-06-04T00:26:49.197,21890536,1047903.0,1048300.0,0.5057,0.36189908,1972.9939174000006,1245.61302345,1048380.0,99499.61628631,4351.56025822
BTC_JPY,2020-06-04T00:26:55.01,21890668,1047902.0,1048497.0,0.5182,0.5027,1974.18689243,1247.91152437,1048380.0,99499.70740649,4350.95585178
BTC_JPY,2020-06-04T00:27:00.123,21890761,1048380.0,1048500.0,0.2,0.29,1974.87573743,1247.78672437,1048380.0,99495.54703586,4347.71002078
BTC_JPY,2020-06-04T00:27:04.913,21890808,1048380.0,1048500.0,0.19,0.29,1974.22624743,1248.51069424,1048380.0,99491.16152447,4342.55901258
BTC_JPY,2020-06-04T00:27:10.377,21890928,1047897.0,1048364.0,0.1,0.5014,1972.5622973000002,1249.17780437,1047898.0,99507.85354201,4341.061306000001
BTC_JPY,2020-06-04T00:27:14.757,21891043,1047904.0,1048487.0,0.2,0.5014,1972.55221851,1249.67744924,1047898.0,99514.74404464,4340.78440081
BTC_JPY,2020-06-04T00:27:20.133,21891175,1047905.0,1048499.0,0.15,0.4356,1974.07336851,1251.27331557,1048380.0,99509.82662939999,4340.51198557
BTC_JPY,2020-06-04T00:30:04.77,21893887,1048501.0,1048853.0,1.27557399,0.29,1975.97692294,1255.86570547,1048501.0,99517.99928754,4324.41426164
BTC_JPY,2020-06-04T00:30:09.65,21893991,1048501.0,1048803.0,0.035355300000000006,0.15,1976.05304036,1256.66545547,1048501.0,99512.11848199,4324.65448033
BTC_JPY,2020-06-04T00:30:15.09,21894072,1048006.0,1048487.0,0.06465,0.6783,1975.30899895,1256.35508017,1048499.0,99517.7618773,4325.18083563
BTC_JPY,2020-06-04T00:30:19.747,21894148,1048006.0,1048449.0,0.06465,0.29,1975.66703581,1255.42491092,1048487.0,99513.42776674,4325.19083563
BTC_JPY,2020-06-04T00:30:24.26,21894230,1048000.0,1048421.0,0.3,0.4783,1975.27811895,1257.37086092,1048487.0,99513.64874336,4325.19083563
BTC_JPY,2020-06-04T00:30:29.353,21894299,1048000.0,1048398.0,0.3,0.29,1975.35080032,1256.15649406,1048487.0,99515.15864674,4325.18083563
BTC_JPY,2020-06-04T00:30:34.073,21894370,1048000.0,1048474.0,0.3,0.4783,1975.65959032,1257.14524406,1048475.0,99508.70564674,4316.75783563
BTC_JPY,2020-06-04T00:30:39.66,21894435,1048001.0,1048449.0,0.15,0.2,1975.59788032,1257.56591543,1048475.0,99509.50929137,4316.65783563
BTC_JPY,2020-06-04T00:30:44.627,21894553,1048106.0,1048485.0,0.06319,0.39404588,1973.12158482,1255.88498994,1048487.0,99517.13497569,4316.19783563
BTC_JPY,2020-06-04T00:30:50.02,21894645,1048127.0,1048501.0,0.06308,0.12859134,1976.05146505,1255.2466607,1048501.0,99515.62009909,4316.50793487
BTC_JPY,2020-06-04T00:30:54.65,21894725,1048130.0,1048501.0,0.2,0.12859134,1976.16838505,1255.96144981,1048501.0,99515.32709909,4316.40293487
BTC_JPY,2020-06-04T00:30:59.527,21894790,1048501.0,1048732.0,0.37140866,0.39403611,1976.25463961,1254.51722137,1048501.0,99515.47242405,4316.16321414
BTC_JPY,2020-06-04T00:31:04.877,21894897,1048505.0,1048800.0,0.16474,0.0139,1975.31897961,1251.62440526,1048504.0,99513.77781745,4316.21221414
BTC_JPY,2020-06-04T00:31:09.13,21894943,1048506.0,1048800.0,0.06433,0.0139,1975.11206849,1251.95304025,1048504.0,99513.94167716,4316.00221414
BTC_JPY,2020-06-04T00:31:14.597,21894971,1048512.0,1048800.0,0.05735,0.0139,1974.21608849,1253.03032025,1048504.0,99516.26392696,4316.00221414
BTC_JPY,2020-06-04T00:31:19.023,21895016,1048525.0,1048800.0,0.3,0.0139,1975.27373849,1251.62932025,1048504.0,99521.77575114,4316.00071414
BTC_JPY,2020-06-04T00:31:24.137,21895063,1048537.0,1048800.0,0.06442,0.0139,1974.62715849,1251.40032025,1048504.0,99516.99372058,4314.90569564
BTC_JPY,2020-06-04T00:31:30.06,21895112,1048519.0,1048800.0,0.06147,0.0139,1974.60420849,1251.44956025,1048502.0,99515.2270683,4313.80521159
BTC_JPY,2020-06-04T00:31:34.157,21895151,1048527.0,1048800.0,0.3,0.0139,1974.4337035,1252.58608025,1048502.0,99515.73095757,4313.80521159
BTC_JPY,2020-06-04T00:31:39.277,21895196,1048508.0,1048800.0,0.15,0.0139,1973.92773924,1251.3287810000004,1048502.0,99515.82022324,4313.55521159
BTC_JPY,2020-06-04T00:31:44.48,21895239,1048526.0,1048800.0,0.3,0.0139,1975.40773924,1250.99272526,1048502.0,99514.5006866,4313.55521159
BTC_JPY,2020-06-04T00:31:49.283,21895282,1048544.0,1048800.0,0.3,0.0139,1974.90347924,1251.345131,1048502.0,99514.03562945,4313.55521159
BTC_JPY,2020-06-04T00:31:54.653,21895309,1048550.0,1048800.0,0.3,0.0139,1974.77223924,1251.0140210000004,1048502.0,99511.74107408,4313.21101129
BTC_JPY,2020-06-04T00:31:59.507,21895357,1048563.0,1048977.0,0.06055,0.05,1975.10752924,1251.162321,1048977.0,99510.42844523,4313.18491129
BTC_JPY,2020-06-04T00:32:04.15,21895472,1048609.0,1049950.0,1.0,2.0,1974.01430351,1246.93482606,1049698.0,99520.53332131,4314.68371129
BTC_JPY,2020-06-04T00:32:09.86,21895620,1049230.0,1049950.0,0.05671,2.0,1975.42132096,1251.69724702,1049948.0,99533.97412706,4315.69071129
BTC_JPY,2020-06-04T00:32:14.563,21895693,1049252.0,1049943.0,0.31474,0.05539,1973.31711097,1253.62990702,1049950.0,99542.23947323,4315.63977429
BTC_JPY,2020-06-04T00:32:19.15,21895817,1048660.0,1049542.0,0.15,0.14400000000000002,1972.58061351,1255.58185187,1049474.0,99555.99525574,4315.83977429
BTC_JPY,2020-06-04T00:35:05.457,21898859,1049885.0,1050300.0,0.765,0.00249987,1981.13809507,1254.37080917,1050300.0,99629.18052645,4321.48214137
BTC_JPY,2020-06-04T00:35:09.527,21898963,1049910.0,1050300.0,0.2,0.00249987,1980.24148642,1256.58942701,1050300.0,99647.08623592,4321.48214137
BTC_JPY,2020-06-04T00:35:14.4,21899082,1049919.0,1050470.0,0.2,0.15,1981.32986641,1256.11502701,1050500.0,99664.01856825,4321.95214137
BTC_JPY,2020-06-04T00:35:18.91,21899183,1050300.0,1050540.0,0.32,1.0,1982.93448641,1257.37862714,1049535.0,99666.93355512,4322.85214137
BTC_JPY,2020-06-04T00:35:24.15,21899275,1049930.0,1050626.0,0.14400000000000002,0.4838,1980.25248642,1257.90532714,1049535.0,99673.25234458,4322.85214137
BTC_JPY,2020-06-04T00:35:30.23,21899472,1049657.0,1050629.0,0.1545,0.06216,1981.02042315,1258.10517388,1049535.0,99670.83343934,4322.73814137
BTC_JPY,2020-06-04T00:35:34.71,21899570,1049695.0,1050649.0,0.2,0.001,1980.23442302,1257.64661375,1049535.0,99663.54214057,4322.48814137
BTC_JPY,2020-06-04T00:35:39.86,21899652,1049745.0,1050649.0,0.3,0.001,1980.56342315,1257.48023585,1049535.0,99665.08322305,4322.48314137
BTC_JPY,2020-06-04T00:35:45.227,21899763,1049763.0,1050476.0,0.2,0.32,1977.90555315,1259.10671388,1049535.0,99669.98513308,4322.48314137
BTC_JPY,2020-06-04T00:35:49.187,21899861,1049675.0,1050462.0,0.3,0.2,1980.24652315,1258.90308388,1050476.0,99669.75337915,4322.49397137
BTC_JPY,2020-06-04T00:35:54.537,21899978,1049554.0,1050443.0,0.05973,0.2,1979.63975315,1259.04371388,1050452.0,99680.06792748,4322.59397137
BTC_JPY,2020-06-04T00:36:00.137,21900129,1050000.0,1050423.0,1.0,0.15,1980.4567594999999,1259.17517022,1050452.0,99696.50527026,4322.59397137
BTC_JPY,2020-06-04T00:36:04.563,21900191,1050001.0,1050351.0,0.2,0.15,1980.7512295000001,1259.12935022,1050452.0,99700.02679777,4322.59397137
BTC_JPY,2020-06-04T00:36:09.327,21900238,1050001.0,1050423.0,0.2,0.15,1980.03789513,1260.09277022,1050452.0,99695.38651964,4322.59397137
BTC_JPY,2020-06-04T00:36:14.64,21900313,1050001.0,1050419.0,0.2,0.32,1980.4316795000002,1260.32154022,1050452.0,99693.59998908,4322.59397137
BTC_JPY,2020-06-04T00:36:19.527,21900384,1050001.0,1050430.0,0.2,0.03,1980.3799795000002,1260.23285022,1050452.0,99692.44998908,4322.59397137
BTC_JPY,2020-06-04T00:36:24.687,21900472,1050000.0,1050133.0,0.16497153,0.32,1980.28703103,1261.98827022,1050000.0,99696.13092231,4323.62899984
BTC_JPY,2020-06-04T00:36:29.423,21900616,1049535.0,1049895.0,0.005,0.32,1976.98572882,1259.89473953,1050000.0,99708.74104594,4323.73922837
BTC_JPY,2020-06-04T00:36:34.333,21900706,1049535.0,1049889.0,0.005,0.2,1978.44472882,1259.20203585,1050000.0,99707.55923531,4323.73922837
BTC_JPY,2020-06-04T00:36:39.607,21900823,1050000.0,1050397.0,0.18170593,0.6369,1978.23743106,1262.40350954,1050000.0,99705.73882938,4323.92852244
BTC_JPY,2020-06-04T00:36:44.43,21900897,1050000.0,1050375.0,0.52023208,0.15,1979.6009609,1262.35090954,1050000.0,99703.56769323,4324.18999629
BTC_JPY,2020-06-04T00:36:49.86,21901016,1049800.0,1050000.0,0.01,0.01,1976.14641869,1259.22771585,1049923.0,99706.74016897,4325.13092837
BTC_JPY,2020-06-04T00:36:54.267,21901106,1049800.0,1050000.0,0.01,0.01,1978.23180768,1261.2253484,1049923.0,99705.86946254,4324.36222837
BTC_JPY,2020-06-04T00:37:00.03,21901241,1049535.0,1049992.0,0.005,0.5302,1976.78038213,1260.8752484000001,1049800.0,99708.50423926,4324.67122837
BTC_JPY,2020-06-04T00:37:05.02,21901348,1049535.0,1050178.0,0.005,0.25,1977.99396078,1259.0947945,1050178.0,99711.07901947,4324.77122837
BTC_JPY,2020-06-04T00:37:09.417,21901425,1049535.0,1050179.0,0.005,0.4131,1978.66106078,1260.7488945,1050178.0,99711.58576419,4324.77122837
BTC_JPY,2020-06-04T00:37:14.223,21901550,1049836.0,1050181.0,0.4855,0.03,1976.26073912,1257.26695284,1050178.0,99720.30359214,4324.77122837
BTC_JPY,2020-06-04T00:37:19.63,21901607,1049838.0,1050178.0,0.4855,1.0,1974.01523912,1259.43255284,1050181.0,99726.04248433,4324.76122837
BTC_JPY,2020-06-04T00:40:04.553,21904242,1049550.0,1050178.0,0.3,2.17351405,1978.60734009,1260.9815199000002,1050178.0,99676.00473673,4318.03178947
BTC_JPY,2020-06-04T00:40:09.58,21904389,1049869.0,1050404.0,0.1992,0.03,1976.89263739,1258.50979284,1050178.0,99682.70561468,4320.20530352
BTC_JPY,2020-06-04T00:40:14.44,21904444,1049899.0,1050637.0,0.05814,0.4971,1977.29835342,1258.87786862,1050455.0,99665.56544449,4320.33630352
BTC_JPY,2020-06-04T00:40:19.393,21904506,1049951.0,1050637.0,0.3,0.4971,1978.42039341,1257.34279875,1050455.0,99648.03125146,4319.72730352
BTC_JPY,2020-06-04T00:40:24.937,21904584,1049982.0,1050649.0,0.06244,0.001,1978.07815341,1257.37449875,1050455.0,99630.15190293,4316.64529351
BTC_JPY,2020-06-04T00:40:30.19,21904669,1050024.0,1050649.0,0.3,0.001,1978.70860341,1257.84449875,1050455.0,99617.14628706,4316.64529351
BTC_JPY,2020-06-04T00:40:34.02,21904727,1050051.0,1050649.0,0.3,0.001,1978.70475341,1257.52449875,1050455.0,99611.91262267,4316.32129351
BTC_JPY,2020-06-04T00:40:40.21,21904839,1049923.0,1050485.0,0.01,0.2,1976.28104039,1258.03981862,1050043.0,99601.46131489,4315.84317352
BTC_JPY,2020-06-04T00:40:44.587,21904952,1049928.0,1050442.0,0.05853,0.4932,1977.0229377,1259.73888303,1050043.0,99601.76805912,4315.84317352
BTC_JPY,2020-06-04T00:40:49.59,21905064,1049928.0,1050430.0,0.05853,0.15,1980.0229377,1261.31070303,1050043.0,99593.99036194,4315.84317352
BTC_JPY,2020-06-04T00:40:55.453,21905209,1049923.0,1050416.0,0.01,0.7932,1979.84980772,1262.11939303,1050043.0,99591.06825204,4315.66865707
BTC_JPY,2020-06-04T00:40:59.423,21905309,1049923.0,1050406.0,0.01,0.35,1980.81437972,1261.33689303,1050043.0,99590.36372478,4315.66865707
BTC_JPY,2020-06-04T00:41:05.38,21905428,1049923.0,1050393.0,0.01,0.35,1979.94557974,1268.46786585,1050043.0,99586.1616189,4315.66865707
BTC_JPY,2020-06-04T00:41:09.637,21905516,1049923.0,1050444.0,0.01,0.15,1979.08093973,1266.35338303,1050043.0,99577.82880828,4314.66865707
BTC_JPY,2020-06-04T00:41:14.623,21905579,1049923.0,1050436.0,0.01,0.15,1978.54926975,1266.36158303,1050043.0,99552.36307211,4312.63395707
BTC_JPY,2020-06-04T00:41:19.16,21905672,1049923.0,1050426.0,0.01,0.2,1977.68557975,1268.66245303,1050043.0,99546.90602869,4311.73735657
BTC_JPY,2020-06-04T00:41:24.55,21905788,1049677.0,1050413.0,0.4932,0.4323,1979.69107975,1268.90011303,1049779.0,99526.25572754,4310.62585631
BTC_JPY,2020-06-04T00:41:29.463,21905899,1049712.0,1050402.0,0.00576,0.2,1979.29833976,1269.67607303,1049712.0,99524.32482491,4310.67585631
BTC_JPY,2020-06-04T00:41:34.17,21906012,1049712.0,1050314.0,0.00576,0.4346,1973.1179638,1267.60074694,1049712.0,99504.66285036,4310.67585631
BTC_JPY,2020-06-04T00:41:40.203,21906142,1049599.0,1050301.0,0.4932,0.2339,1973.61620367,1267.64627707,1050305.0,99503.21390299,4310.65049631
BTC_JPY,2020-06-04T00:41:44.267,21906229,1049558.0,1050290.0,0.4932,0.15,1973.6132038,1267.57412695,1049599.0,99502.8181427,4310.70049631
BTC_JPY,2020-06-04T00:41:49.143,21906341,1049503.0,1050279.0,0.4932,0.2709,1974.34630615,1267.77680707,1049599.0,99498.29190788,4310.60149631
BTC_JPY,2020-06-04T00:41:55.007,21906482,1049533.0,1050266.0,0.4932,0.272,1975.00982615,1267.51303943,1049599.0,99496.66521846,4310.60149631
BTC_JPY,2020-06-04T00:41:59.19,21906589,1049611.0,1050402.0,0.4912,0.57408001,1978.14630615,1270.44946944,1049611.0,99489.63746043,4310.60349631
BTC_JPY,2020-06-04T00:42:04.38,21906688,1050043.0,1050408.0,0.311,0.30000013,1979.90310615,1270.05621943,1050402.0,99478.02945581,4309.94350064
BTC_JPY,2020-06-04T00:42:09.907,21906806,1049500.0,1049832.0,1.82101707,0.02,1973.98735838,1269.80660584,1049500.0,99482.88958719,4312.20543202
BTC_JPY,2020-06-04T00:42:15.077,21906950,1049017.0,1049763.0,0.001,0.2,1971.06520346,1271.12588518,1049033.0,99511.22971256,4314.14644909
BTC_JPY,2020-06-04T00:42:19.137,21907071,1049118.0,1049828.0,0.5277,0.15228001,1973.48282003,1271.98257177,1049033.0,99521.18881643,4314.14644909
BTC_JPY,2020-06-04T00:45:05.097,21910439,1048810.0,1049447.0,0.2,0.4119,1968.74181112,1266.68752051,1048754.0,99571.93951261,4315.40350715
BTC_JPY,2020-06-04T00:45:09.363,21910517,1048824.0,1049481.0,0.30000013,0.06009,1968.23764112,1266.60531051,1048754.0,99568.50844189,4315.40350715
BTC_JPY,2020-06-04T00:45:14.32,21910642,1048738.0,1049459.0,0.0589,0.0607,1968.70297112,1267.06082645,1048754.0,99569.95137654,4315.40350715
BTC_JPY,2020-06-04T00:45:20,21910769,1048775.0,1049439.0,0.0595,0.31,1968.64728112,1267.69249821,1048754.0,99570.87737654,4315.40350715
BTC_JPY,2020-06-04T00:45:24.867,21910865,1048812.0,1049420.0,0.2,0.5386,1968.59154112,1267.01749821,1048754.0,99571.65080055,4315.30150715
BTC_JPY,2020-06-04T00:45:29.747,21911011,1048754.0,1049216.0,0.18448902,0.5345,1964.76433596,1264.91918821,1049222.0,99578.82001491,4315.08661813
BTC_JPY,2020-06-04T00:45:35.447,21911186,1048502.0,1049072.0,0.2,0.15,1968.36798554,1267.81972261,1049104.0,99586.579898,4315.59661812
BTC_JPY,2020-06-04T00:45:40.063,21911281,1048527.0,1049116.0,0.2,0.30000013,1969.5406098,1267.47276687,1049104.0,99591.08115012,4315.59661812
BTC_JPY,2020-06-04T00:45:45.163,21911393,1048579.0,1049229.0,0.1,0.31,1969.7390598000002,1266.76010415,1049104.0,99590.03427147,4315.59661812
BTC_JPY,2020-06-04T00:45:49.473,21911480,1048516.0,1049104.0,0.1,0.01,1968.53630981,1263.91759687,1049104.0,99588.24168256,4315.43761812
BTC_JPY,2020-06-04T00:45:54.093,21911659,1048942.0,1049755.0,0.5301,0.3,1968.05954695,1264.13197834,1048943.0,99596.96960837,4316.09911803
BTC_JPY,2020-06-04T00:45:59.763,21911814,1049009.0,1049728.0,0.09,1.2746,1970.32317021,1264.53722727,1049009.0,99597.42460837,4316.10911803
BTC_JPY,2020-06-04T00:46:03.953,21911917,1049039.0,1049709.0,0.5301,0.31,1969.96417021,1262.33062727,1049009.0,99599.4825541,4316.10911803
BTC_JPY,2020-06-04T00:46:09.583,21912078,1049006.0,1049690.0,0.6801,0.05946,1970.97464545,1264.79196414,1049009.0,99603.58856465,4315.11748108
BTC_JPY,2020-06-04T00:46:14.48,21912171,1049212.0,1049691.0,0.1,1.0,1970.54695545,1266.2317325,1049009.0,99610.86850036,4314.90385972
BTC_JPY,2020-06-04T00:46:19.427,21912298,1048993.0,1049683.0,0.1,0.2,1970.96864543,1266.0197025,1049009.0,99606.71460401,4314.90385972
BTC_JPY,2020-06-04T00:46:24.503,21912413,1049080.0,1049751.0,0.28,0.5301,1970.68584543,1265.4064125,1049009.0,99577.71560661,4311.38985972
BTC_JPY,2020-06-04T00:46:29.793,21912595,1048807.0,1049649.0,0.2794,0.05642000000000001,1966.12189687,1265.2766225,1049009.0,99578.47668664,4311.38985972
BTC_JPY,2020-06-04T00:46:34.767,21912729,1048765.0,1049591.0,0.147,0.5301,1967.63869687,1266.14880251,1049009.0,99582.39087918,4311.38985972
BTC_JPY,2020-06-04T00:46:39.917,21912848,1048797.0,1049566.0,0.1,0.5301,1968.03869687,1265.37880251,1049009.0,99577.5656412,4311.38985972
BTC_JPY,2020-06-04T00:46:44.463,21912922,1048813.0,1049550.0,0.1,0.15,1968.15369687,1265.68970251,1049009.0,99570.49316864,4310.45182972
BTC_JPY,2020-06-04T00:46:49.287,21912982,1048943.0,1049643.0,0.32,0.5301,1971.10454544,1265.52390415,1049009.0,99569.24703089999,4310.40332972
BTC_JPY,2020-06-04T00:46:54.6,21913114,1049026.0,1049729.0,0.4274,0.5301,1968.74600531,1266.19824251,1049009.0,99571.18638763,4310.40332972
BTC_JPY,2020-06-04T00:47:00.15,21913243,1049186.0,1049729.0,0.1,0.5301,1969.91242544,1265.84006481,1049040.0,99566.14677763,4304.24332972
BTC_JPY,2020-06-04T00:47:05.2,21913291,1049187.0,1049729.0,0.15,0.5301,1969.86882708,1266.35286481,1049040.0,99565.59789304,4304.24332972
BTC_JPY,2020-06-04T00:47:09.033,21913354,1049222.0,1049730.0,0.1,0.8,1970.41241381,1265.84062318,1049040.0,99562.48661422,4304.24332972
BTC_JPY,2020-06-04T00:47:15.007,21913449,1049252.0,1049730.0,0.3,0.8,1974.42035381,1265.42312645,1049040.0,99563.81131422,4304.24332972
BTC_JPY,2020-06-04T00:47:19.523,21913518,1049279.0,1049957.0,0.15,1.0,1973.82373382,1264.16661318,1049040.0,99565.75894755,4304.09332972
BTC_JPY,2020-06-04T00:50:04.957,21916997,1049057.0,1049601.0,0.06,0.45000013,1974.64313344,1264.16419602,1049041.0,99557.49848982,4303.9019196
BTC_JPY,2020-06-04T00:50:10.157,21917143,1049153.0,1049602.0,0.5008,0.00284999,1976.27916896,1262.35344141,1049602.0,99568.58740632,4304.10321961
BTC_JPY,2020-06-04T00:50:14.437,21917261,1049284.0,1049602.0,0.5008,0.00284999,1974.19675896,1263.48547141,1049602.0,99576.37499813,4304.10321961
BTC_JPY,2020-06-04T00:50:19.193,21917364,1049309.0,1049999.0,0.5008,0.3185,1974.37792868,1263.29166127,1049602.0,99579.42051805,4304.10201961
BTC_JPY,2020-06-04T00:50:24.877,21917487,1049334.0,1049999.0,0.4678,0.3185,1974.58754868,1263.93923127,1049602.0,99562.15825036,4303.33361961
BTC_JPY,2020-06-04T00:50:29.097,21917585,1049357.0,1049999.0,0.2609,0.3185,1974.48788868,1264.01763127,1049602.0,99555.73910188,4302.43361922
BTC_JPY,2020-06-04T00:50:35.207,21917732,1049384.0,1050000.0,0.2,1.1745,1975.55084867,1262.47090966,1049602.0,99554.83626832,4301.8336891
BTC_JPY,2020-06-04T00:50:39.827,21917846,1049408.0,1049999.0,0.2,0.5008,1971.18434867,1263.26556127,1049602.0,99545.05141226,4301.7336891
BTC_JPY,2020-06-04T00:50:44.887,21917957,1049389.0,1049988.0,0.05725,0.5008,1973.39989867,1264.57927127,1049989.0,99540.1691249,4301.3261891
BTC_JPY,2020-06-04T00:50:49.353,21918061,1049389.0,1049991.0,0.061570000000000014,0.5008,1975.09407375,1264.22912622,1049989.0,99538.77276553,4301.007969300002
BTC_JPY,2020-06-04T00:50:55.023,21918180,1049389.0,1049928.0,0.061570000000000014,0.32,1975.06917375,1263.57516622,1049924.0,99510.84030547,4271.548565599999
BTC_JPY,2020-06-04T00:50:59.857,21918309,1049395.0,1050000.0,0.2,1.0006,1972.80552808,1262.82415966,1049924.0,99499.16735532,4268.96401499
BTC_JPY,2020-06-04T00:51:04.947,21918434,1049406.0,1049999.0,0.32,0.39308102,1969.30352795,1262.87029068,1049924.0,99490.23856133,4268.96401499
BTC_JPY,2020-06-04T00:51:08.947,21918506,1049924.0,1049999.0,3.719,0.39308102,1973.35344809,1263.25454068,1049924.0,99490.50722133,4268.96401499
BTC_JPY,2020-06-04T00:51:14.653,21918529,1049924.0,1049999.0,3.819,0.39308102,1973.1713481,1263.02934068,1049924.0,99493.22167388,4268.264104999998
BTC_JPY,2020-06-04T00:51:20.217,21918598,1049384.0,1049876.0,0.15,0.1,1968.85744696,1264.79704068,1049924.0,99479.37600465,4254.16436339
BTC_JPY,2020-06-04T00:51:24.173,21918700,1049389.0,1049875.0,0.06404,0.39308102,1970.0039701,1264.28099068,1049384.0,99477.94086966,4251.27403557
BTC_JPY,2020-06-04T00:51:29.41,21918813,1049389.0,1049844.0,0.01404,0.4238,1971.35267238,1264.74868068,1049389.0,99450.15126066,4248.5239842
BTC_JPY,2020-06-04T00:51:34.713,21918910,1049389.0,1049849.0,0.21404,0.3536,1971.03567238,1263.48888068,1049844.0,99446.15511119,4246.08042213
BTC_JPY,2020-06-04T00:51:39.78,21919020,1049385.0,1049864.0,0.2,0.2022,1970.53646006,1263.08555966,1049844.0,99441.04720887,4245.45916001
BTC_JPY,2020-06-04T00:51:45,21919151,1049384.0,1049856.0,0.14000199,0.3891,1970.39447006,1262.53197064,1049389.0,99382.96957513,4220.60433464
BTC_JPY,2020-06-04T00:51:50.05,21919274,1049385.0,1049849.0,0.5121,0.19,1971.74966005,1262.83244966,1049389.0,99351.38025213,4201.00424524
BTC_JPY,2020-06-04T00:51:54.347,21919379,1049392.0,1049859.0,0.16,1.21,1968.47556004,1263.27774183,1049387.0,99346.90558269,4199.11532665
BTC_JPY,2020-06-04T00:52:00.337,21919515,1049390.0,1049864.0,0.511,0.2,1969.63836749,1263.25519809,1049397.0,99345.89649474,4199.28989372
BTC_JPY,2020-06-04T00:52:04.843,21919551,1049396.0,1049864.0,0.511,0.2,1969.28340749,1262.11899809,1049397.0,99344.80982662,4198.67643666
BTC_JPY,2020-06-04T00:52:10.13,21919627,1049395.0,1049866.0,0.06176,0.03,1969.93650749,1262.37986809,1049397.0,99336.69089038,4198.57877866
BTC_JPY,2020-06-04T00:52:14.303,21919704,1049389.0,1049866.0,0.57,0.03,1970.21474749,1262.73926809,1049397.0,99332.66854159,4198.57877866
BTC_JPY,2020-06-04T00:52:19.617,21919813,1049408.0,1049864.0,0.511,0.2,1971.23674749,1263.33092809,1049397.0,99329.66775522,4198.40112166
BTC_JPY,2020-06-04T00:55:04.54,21922701,1049693.0,1049992.0,0.2,0.4898,1969.04665706,1264.06559719,1049693.0,99290.48681515,4177.25555628
BTC_JPY,2020-06-04T00:55:09.37,21922779,1049693.0,1049983.0,0.18,0.06371,1968.23065707,1262.84167719,1049693.0,99293.96225734,4177.25555428
BTC_JPY,2020-06-04T00:55:14.577,21922914,1049693.0,1049952.0,0.078,0.687,1967.52462904,1265.52317162,1049693.0,99295.60905089999,4177.33755428
BTC_JPY,2020-06-04T00:55:19.343,21923038,1049167.0,1049923.0,0.1718,0.637,1967.53552904,1266.08617162,1049693.0,99297.50639266,4176.93755428
BTC_JPY,2020-06-04T00:55:23.987,21923150,1049155.0,1049892.0,0.2913,0.687,1968.40302904,1265.13008162,1049693.0,99276.81669282,4176.70755128
BTC_JPY,2020-06-04T00:55:29.9,21923294,1049177.0,1049868.0,0.2916,0.48700000000000004,1968.39188904,1265.27106162,1049693.0,99271.81390605,4176.70755128
BTC_JPY,2020-06-04T00:55:35.28,21923403,1049142.0,1049815.0,0.292,0.48700000000000004,1968.01372904,1264.90237162,1049693.0,99260.29323287,4176.67754828
BTC_JPY,2020-06-04T00:55:39.223,21923514,1049138.0,1049787.0,0.019,0.1,1971.70962905,1264.66286162,1049693.0,99254.32090695,4176.54554728
BTC_JPY,2020-06-04T00:55:44.443,21923637,1049152.0,1049869.0,0.3152,0.48700000000000004,1972.30259905,1264.53232162,1049693.0,99254.19632876,4176.54554728
BTC_JPY,2020-06-04T00:55:50.117,21923775,1049138.0,1049824.0,0.3356,0.2,1972.20842905,1264.53732162,1049693.0,99250.33442727,4176.52754728
BTC_JPY,2020-06-04T00:55:55.073,21923874,1049200.0,1049989.0,0.48700000000000004,0.4147,1972.46167905,1266.00810162,1049693.0,99238.20972205,4175.13654628
BTC_JPY,2020-06-04T00:55:59.183,21923972,1049214.0,1049939.0,0.48700000000000004,0.1,1973.10551905,1266.46907162,1049693.0,99225.30704078,4175.02665628
BTC_JPY,2020-06-04T00:56:04.893,21924102,1049693.0,1049920.0,0.2,0.2655,1972.30297905,1264.25197162,1049693.0,99223.84966895,4174.97665628
BTC_JPY,2020-06-04T00:56:10.153,21924216,1049183.0,1049944.0,0.30000013,0.2,1972.16382905,1264.52043162,1049693.0,99213.37713641,4175.16665628
BTC_JPY,2020-06-04T00:56:14.917,21924307,1049191.0,1049995.0,0.31,0.23399999999999999,1971.98772905,1265.24345149,1049693.0,99211.65179892,4175.16665628
BTC_JPY,2020-06-04T00:56:19.923,21924445,1049693.0,1049996.0,0.3,0.03,1972.52782905,1263.70574162,1049693.0,99208.00805376,4175.15665528
BTC_JPY,2020-06-04T00:56:24.75,21924502,1049693.0,1049996.0,0.3,0.03,1973.11849905,1264.32217162,1049693.0,99204.98362159,4174.89665528
BTC_JPY,2020-06-04T00:56:29.573,21924545,1049693.0,1049996.0,0.297,0.03,1973.30649905,1264.57551162,1049693.0,99204.50675057,4174.89965528
BTC_JPY,2020-06-04T00:56:35.227,21924684,1049138.0,1049944.0,0.019,0.1365,1972.66982905,1264.96631162,1049693.0,99211.83779957,4175.19665528
BTC_JPY,2020-06-04T00:56:39.637,21924798,1049144.0,1049924.0,0.4872,0.2865,1972.37392905,1265.19631162,1049693.0,99210.14690167,4174.60665528
BTC_JPY,2020-06-04T00:56:44.53,21924949,1049144.0,1049886.0,0.4872,0.1382,1974.59602903,1265.01521162,1049693.0,99203.13445799,4174.60665528
BTC_JPY,2020-06-04T00:56:49.96,21925075,1049138.0,1049837.0,0.5062,0.1378,1971.82992889,1265.28561162,1049693.0,99203.8203577,4174.60665528
BTC_JPY,2020-06-04T00:56:54.213,21925143,1049138.0,1049823.0,0.504,0.2452,1962.70772902,1265.30441149,1049836.0,99202.91249778,4174.73965528
BTC_JPY,2020-06-04T00:56:59.533,21925260,1049138.0,1049799.0,0.504,0.1381,1963.43772902,1266.63901162,1049836.0,99202.13544409,4174.70965528
BTC_JPY,2020-06-04T00:57:05.003,21925319,1049150.0,1049787.0,0.05619,0.1,1963.04771902,1266.05522162,1049836.0,99196.79170574,4174.70965528
BTC_JPY,2020-06-04T00:57:09.293,21925350,1049151.0,1049787.0,0.485,0.1,1963.76589902,1266.04522162,1049836.0,99194.01811229,4174.70965528
BTC_JPY,2020-06-04T00:57:14.64,21925445,1049155.0,1049984.0,0.2,0.1,1971.84809417,1264.64268677,1049786.0,99195.43893274,4174.90965528
BTC_JPY,2020-06-04T00:57:19.31,21925571,1049196.0,1049944.0,0.2,0.15,1971.90499417,1264.52223677,1049970.0,99196.72455628,4174.92515428
BTC_JPY,2020-06-04T01:00:04.593,21928190,1049500.0,1049786.0,0.09,0.19,1972.45945708,1265.67903273,1049500.0,99167.12807257,4173.01695804
BTC_JPY,2020-06-04T01:00:09.71,21928278,1049500.0,1049786.0,0.09,0.19,1972.71040138,1266.07247703,1049500.0,99127.03693993,4172.66695504
BTC_JPY,2020-06-04T01:00:14.81,21928325,1049500.0,1049786.0,0.09,0.19,1972.44040139,1265.66568273,1049500.0,99119.6892117,4172.60732804
BTC_JPY,2020-06-04T01:00:18.887,21928357,1049500.0,1049786.0,0.09,0.19,1971.75924043,1266.07586607,1049500.0,99118.51179708,4172.60732804
BTC_JPY,2020-06-04T01:00:24.56,21928375,1049500.0,1049786.0,0.09,0.19,1975.60145043,1265.18185273,1049500.0,99116.45878691,4172.60732804
BTC_JPY,2020-06-04T01:00:29.52,21928409,1049253.0,1049786.0,0.2,0.19,1975.48565043,1262.95834607,1049500.0,99090.46853509,4172.16732791
BTC_JPY,2020-06-04T01:00:34.68,21928475,1049262.0,1049775.0,0.2,0.1,1975.57519043,1264.06734607,1049500.0,99084.6410496,4171.45532704
BTC_JPY,2020-06-04T01:00:39.79,21928564,1049242.0,1049775.0,0.15,0.1,1975.58519043,1265.54603607,1049500.0,99073.49271051,4171.45532704
BTC_JPY,2020-06-04T01:00:45.283,21928681,1049262.0,1050000.0,0.46,0.001,1976.93269029,1261.60371273,1049786.0,99073.48944051,4171.74532704
BTC_JPY,2020-06-04T01:00:49.01,21928842,1050519.0,1050824.0,0.3619,0.011,1977.41138888,1254.97655715,1050649.0,99086.31910694,4174.50571456
BTC_JPY,2020-06-04T01:00:55.1,21929022,1050825.0,1051280.0,0.16,1.69999987,1977.66514362,1255.72756176,1050812.0,99104.31419199,4176.62345469
BTC_JPY,2020-06-04T01:00:59.393,21929154,1050760.0,1051280.0,0.4906,1.39999974,1978.09772376,1256.25307495,1051280.0,99122.8703523,4176.92345482
BTC_JPY,2020-06-04T01:01:04.66,21929274,1050906.0,1051268.0,0.32,0.1,1978.10912375,1257.0945494,1051280.0,99142.41735726,4177.22345495
BTC_JPY,2020-06-04T01:01:09.193,21929356,1050921.0,1051452.0,0.06247000000000001,0.01,1978.74959376,1256.37224966,1051280.0,99162.91333826,4177.22345495
BTC_JPY,2020-06-04T01:01:14.38,21929451,1051061.0,1051452.0,0.2,0.01,1978.48212375,1257.65774979,1051280.0,99175.16212677,4177.22345495
BTC_JPY,2020-06-04T01:01:19.567,21929558,1050874.0,1051200.0,0.4917,0.07,1980.83732375,1255.72838298,1051280.0,99190.5061258,4177.22345495
BTC_JPY,2020-06-04T01:01:24.5,21929619,1051280.0,1051452.0,0.93,1e-08,1980.10335366,1256.09817971,1051452.0,99187.94986065,4177.28345494
BTC_JPY,2020-06-04T01:01:29.803,21929668,1051281.0,1051452.0,0.2765,1e-08,1981.97697945,1256.9349755,1051281.0,99189.2818656,4177.37245494
BTC_JPY,2020-06-04T01:01:35.14,21929759,1050728.0,1051439.0,0.06324,0.49,1979.66836376,1257.1022298,1051280.0,99195.35789951,4178.57895494
BTC_JPY,2020-06-04T01:01:39.783,21929839,1050839.0,1051400.0,0.32,0.49,1980.91838376,1257.5746898,1051280.0,99197.29585157,4178.57420494
BTC_JPY,2020-06-04T01:01:44.32,21929941,1051048.0,1051477.0,0.05756,0.1,1980.75468362,1259.19040303,1051476.0,99204.75773688,4178.92770494
BTC_JPY,2020-06-04T01:01:49.767,21930039,1051047.0,1051477.0,0.32,0.1,1982.86212376,1266.76335303,1051050.0,99206.20336127,4179.12770494
BTC_JPY,2020-06-04T01:01:54.94,21930125,1051044.0,1051477.0,0.15,0.1,1982.75012377,1266.55213979,1051043.0,99205.74597762,4179.11970494
BTC_JPY,2020-06-04T01:01:59.887,21930219,1051048.0,1051477.0,0.05976,0.1,1982.87988376,1269.10044979,1051050.0,99207.81770739,4180.31330494
BTC_JPY,2020-06-04T01:02:05.367,21930321,1050992.0,1051281.0,0.06405,0.0876,1981.92617363,1269.33909979,1051050.0,99209.85388711,4180.31330494
BTC_JPY,2020-06-04T01:02:09.857,21930401,1050629.0,1051009.0,0.15,0.398,1982.75569964,1269.0870558,1051009.0,99218.35007523,4180.41530494
BTC_JPY,2020-06-04T01:02:14.61,21930490,1050773.0,1051281.0,0.15,0.0876,1983.43770977,1269.50764311,1051009.0,99226.68750378,4180.81330494
BTC_JPY,2020-06-04T01:02:19.69,21930616,1050939.0,1051281.0,0.142,0.0876,1983.82378511,1269.80125114,1051009.0,99230.94122815,4180.80330494
BTC_JPY,2020-06-04T01:05:04.313,21934758,1052789.0,1053226.0,0.4,0.06426,1983.79044176,1259.17361951,1053000.0,99470.75309653,4190.19487647
BTC_JPY,2020-06-04T01:05:09.95,21934885,1052796.0,1053255.0,0.1,0.05,1984.48608162,1257.05883488,1053000.0,99473.6340653,4190.18487547
BTC_JPY,2020-06-04T01:05:15.077,21934984,1052797.0,1053000.0,0.493,0.21,1983.36890186,1257.55793962,1053000.0,99480.47934341,4190.43487547
BTC_JPY,2020-06-04T01:05:19.46,21935044,1052796.0,1053000.0,0.39251474,0.21,1981.44224187,1258.37233488,1053000.0,99483.10837203,4190.43487547
BTC_JPY,2020-06-04T01:05:25.01,21935115,1052789.0,1053251.0,0.4,0.4907,1980.03615713,1257.14704962,1053000.0,99490.75009899,4191.33487547
BTC_JPY,2020-06-04T01:05:29.877,21935174,1052791.0,1053000.0,0.1,0.001,1982.40372187,1257.17104949,1053000.0,99494.59580052,4191.37487547
BTC_JPY,2020-06-04T01:05:35.357,21935246,1052790.0,1053240.0,0.39251474,0.26,1982.91294187,1256.26334962,1053000.0,99488.49776873,4191.13587347
BTC_JPY,2020-06-04T01:05:39.987,21935297,1052790.0,1053240.0,0.1,0.26,1979.34105187,1256.82389962,1053000.0,99488.51676149,4191.13587347
BTC_JPY,2020-06-04T01:05:44.303,21935386,1052560.0,1053250.0,0.15,0.2,1981.13825187,1254.95274962,1053000.0,99497.2156619,4191.13587347
BTC_JPY,2020-06-04T01:05:49.887,21935507,1052582.0,1053255.0,0.6407,0.05,1982.29037187,1255.11237962,1053000.0,99493.97413207,4191.13587347
BTC_JPY,2020-06-04T01:05:54.73,21935626,1053005.0,1053530.0,0.486,0.4,1982.79165712,1254.23569338,1053500.0,99514.78521353,4191.43351747
BTC_JPY,2020-06-04T01:05:59.11,21935736,1053022.0,1053599.0,0.06377999999999999,0.2,1984.96442833,1254.22406696,1053600.0,99523.14330378,4191.82187389
BTC_JPY,2020-06-04T01:06:05.177,21935851,1053666.0,1054000.0,0.39229121,0.36000004,1984.4988482,1253.40488459,1053600.0,99542.33447462,4193.37141747
BTC_JPY,2020-06-04T01:06:09.17,21935993,1052785.0,1053584.0,0.53476818,0.15,1980.95193031,1259.83750458,1052785.0,99557.96756033,4195.39141548
BTC_JPY,2020-06-04T01:06:14.747,21936143,1052504.0,1053204.0,0.5032,0.06262000000000001,1982.81303952,1257.70994078,1052500.0,99568.79109586,4196.33618366
BTC_JPY,2020-06-04T01:06:19.667,21936274,1052514.0,1053184.0,0.4536,0.5012,1982.45386333,1257.89379446,1053331.0,99583.49075479,4196.55618466
BTC_JPY,2020-06-04T01:06:25.097,21936468,1052500.0,1052974.0,1.0,0.26,1978.77987699,1257.96835824,1052517.0,99591.23347266,4196.60611984
BTC_JPY,2020-06-04T01:06:29.853,21936557,1052500.0,1052972.0,1.0,0.1949995,1977.52117699,1259.15778774,1052501.0,99604.83779815,4196.41611984
BTC_JPY,2020-06-04T01:06:35.297,21936663,1052505.0,1053065.0,0.2,0.15,1980.11317296,1258.85879421,1052501.0,99601.76402251,4196.41611984
BTC_JPY,2020-06-04T01:06:39.417,21936740,1052501.0,1053000.0,0.3717,0.01,1982.98437296,1257.74179371,1052501.0,99601.50431962,4196.41611984
BTC_JPY,2020-06-04T01:06:44.87,21936822,1052500.0,1052968.0,1.0,0.5012,1983.59778296,1258.06679421,1052501.0,99597.19153395,4196.27611984
BTC_JPY,2020-06-04T01:06:49.837,21936930,1052500.0,1052994.0,1.0,0.5012,1983.66886296,1257.86079421,1052501.0,99595.88192683,4196.27411984
BTC_JPY,2020-06-04T01:06:54.983,21937042,1052506.0,1053260.0,0.5003,0.84,1983.00666295,1254.70729338,1053000.0,99606.34829228,4196.73911934
BTC_JPY,2020-06-04T01:06:59.663,21937159,1052505.0,1053002.0,0.2,0.32,1981.56247213,1257.97540812,1052544.0,99606.30675371,4196.50511921
BTC_JPY,2020-06-04T01:07:04.713,21937269,1052544.0,1052984.0,0.03,0.15,1982.42278321,1257.42310812,1052983.0,99601.71336255,4196.50611921
BTC_JPY,2020-06-04T01:07:09.25,21937353,1052544.0,1052965.0,0.03,0.4746,1982.83354321,1258.25890812,1052983.0,99600.97436242,4196.20611908
BTC_JPY,2020-06-04T01:07:14.817,21937432,1052544.0,1052945.0,0.03,0.15,1982.46015321,1259.15430812,1052983.0,99594.31932676,4196.03561821
BTC_JPY,2020-06-04T01:07:19.307,21937514,1052544.0,1052932.0,0.03,0.061779999999999995,1982.45734321,1258.69508812,1052939.0,99595.53761654,4196.04561821
BTC_JPY,2020-06-04T01:10:04.98,21940120,1052000.0,1052231.0,0.20332449,5.102,1976.13189001,1265.09449535,1052231.0,99643.63218701,4197.06154994
BTC_JPY,2020-06-04T01:10:09.587,21940146,1052000.0,1052231.0,0.20332449,5.102,1976.30097001,1265.26247535,1052231.0,99639.30238654,4196.86154994
BTC_JPY,2020-06-04T01:10:12.937,21940172,1052000.0,1052231.0,0.20332449,5.102,1976.61101174,1265.59251708,1052231.0,99633.4932418,4196.85154994
BTC_JPY,2020-06-04T01:10:19.113,21940191,1052000.0,1052231.0,0.20332449,5.602,1976.59901174,1265.08660708,1052231.0,99627.19709675,4196.55254994
BTC_JPY,2020-06-04T01:10:24.64,21940226,1052000.0,1052230.0,0.20332449,0.526,1975.94881175,1265.43060708,1052231.0,99627.50843175,4196.38254994
BTC_JPY,2020-06-04T01:10:29.763,21940239,1052000.0,1052231.0,0.20332449,6.102,1976.26871175,1265.73460708,1052231.0,99627.45257756,4196.38254994
BTC_JPY,2020-06-04T01:10:33.88,21940260,1052000.0,1052231.0,0.20332449,6.202000000000001,1976.26801175,1265.32780708,1052231.0,99626.54857591,4195.93454994
BTC_JPY,2020-06-04T01:10:39.69,21940340,1052088.0,1052350.0,0.2,0.11,1977.19504173,1258.40063708,1052231.0,99636.5035273,4202.22654994
BTC_JPY,2020-06-04T01:10:44.617,21940446,1052141.0,1052798.0,0.2,1.0,1977.84384173,1257.53232708,1052510.0,99635.16436097,4202.43654994
BTC_JPY,2020-06-04T01:10:49.867,21940563,1052193.0,1052798.0,0.1,1.0,1977.85464173,1257.76572695,1052510.0,99632.56972039,4202.42654994
BTC_JPY,2020-06-04T01:10:54.53,21940672,1052510.0,1052798.0,1.0,1.0,1977.56904173,1257.98171695,1052197.0,99630.38156212,4202.91654994
BTC_JPY,2020-06-04T01:10:59.623,21940708,1052510.0,1052797.0,0.5,0.15,1978.54264173,1259.69221708,1052510.0,99620.67300628,4203.41654994
BTC_JPY,2020-06-04T01:11:05,21940771,1052110.0,1052340.0,0.5643,0.16,1977.30134173,1260.54321708,1052510.0,99614.35103489,4203.96654994
BTC_JPY,2020-06-04T01:11:10.127,21940829,1052100.0,1052510.0,0.006,0.009000000000000001,1978.81734173,1258.97167338,1052340.0,99604.53315775,4204.12654994
BTC_JPY,2020-06-04T01:11:14.39,21940911,1052130.0,1052510.0,0.5618,0.009000000000000001,1979.54484173,1259.27407639,1052340.0,99604.46602769,4204.11654994
BTC_JPY,2020-06-04T01:11:19.613,21941000,1052194.0,1052510.0,0.1,0.009000000000000001,1979.13284173,1259.66407639,1052340.0,99600.61918033,4203.83452994
BTC_JPY,2020-06-04T01:11:25.093,21941093,1052200.0,1052510.0,0.2,0.009000000000000001,1978.27400104,1259.08667639,1052340.0,99602.87920052,4203.79452994
BTC_JPY,2020-06-04T01:11:29.433,21941178,1052111.0,1052510.0,0.1,0.009000000000000001,1977.97844105,1259.04928639,1052340.0,99603.50068052,4203.76862994
BTC_JPY,2020-06-04T01:11:35.023,21941280,1052100.0,1052463.0,0.006,0.1,1977.88790105,1259.87258639,1052340.0,99607.65141042,4203.76862994
BTC_JPY,2020-06-04T01:11:40.043,21941338,1052100.0,1052486.0,0.006,0.5618,1978.14700106,1259.76258639,1052340.0,99606.98077154,4203.66172994
BTC_JPY,2020-06-04T01:11:44.297,21941377,1052100.0,1052486.0,0.006,0.32,1978.39949805,1260.18958639,1052340.0,99606.91071829,4203.51172994
BTC_JPY,2020-06-04T01:11:50.253,21941450,1052100.0,1052437.0,0.006,0.5618,1978.32504106,1259.97958626,1052340.0,99602.98151058,4203.47832994
BTC_JPY,2020-06-04T01:11:54.997,21941565,1051574.0,1051612.0,0.001,0.2,1972.9778813,1262.69752099,1051658.0,99614.69392646,4203.93765443
BTC_JPY,2020-06-04T01:11:59.747,21941645,1051585.0,1052186.0,0.1,0.468599,1976.7125713,1262.43354012,1052186.0,99632.90595287,4204.19405543
BTC_JPY,2020-06-04T01:12:04.613,21941842,1051768.0,1052509.0,0.7031,0.0794,1977.61607392,1260.68314388,1052186.0,99644.27992432,4204.15405543
BTC_JPY,2020-06-04T01:12:09.92,21941978,1051930.0,1052510.0,0.5531,0.019,1976.23607404,1260.07397388,1052186.0,99644.50572744,4204.14635543
BTC_JPY,2020-06-04T01:12:14.61,21942070,1051981.0,1052510.0,0.2,0.019,1976.88791404,1260.90686388,1052186.0,99628.81919411,4200.62265543
BTC_JPY,2020-06-04T01:12:20.053,21942148,1052033.0,1052510.0,0.2,0.019,1977.32091404,1260.69099388,1052186.0,99616.33131653,4200.1826553
BTC_JPY,2020-06-04T01:15:04.797,21945327,1052381.0,1052761.0,0.5519,0.1,2015.99961577,1260.07052929,1052702.0,99534.01844407,4216.4663497
BTC_JPY,2020-06-04T01:15:09.6,21945414,1052384.0,1052678.0,0.5418,0.15,2013.50141114,1260.88052942,1052702.0,99534.90319223,4216.4663497
BTC_JPY,2020-06-04T01:15:14.783,21945480,1052377.0,1052691.0,0.5387,0.1,2015.42166894,1260.02877272,1052678.0,99535.55623857,4216.5763497
BTC_JPY,2020-06-04T01:15:19.303,21945543,1052375.0,1052666.0,0.2,0.15,2012.24784907,1260.67107272,1052678.0,99530.09636423,4215.7913492
BTC_JPY,2020-06-04T01:15:25.277,21945602,1052444.0,1052666.0,0.14,0.15,2011.67533718,1261.14663083,1052369.0,99532.19634055,4212.8383492
BTC_JPY,2020-06-04T01:15:29.82,21945629,1052444.0,1052666.0,0.14,0.15,2011.99180718,1262.47503083,1052369.0,99529.00006055,4212.8383492
BTC_JPY,2020-06-04T01:15:34.807,21945645,1052444.0,1052666.0,0.09,0.15,2010.88180718,1262.04413083,1052444.0,99525.97083137,4212.8583492
BTC_JPY,2020-06-04T01:15:39.813,21945688,1052444.0,1052658.0,0.04,0.15,2011.53480718,1261.82453083,1052444.0,99524.21214119,4212.0883492
BTC_JPY,2020-06-04T01:15:45.28,21945730,1052369.0,1052658.0,15.37235373,0.15,2010.19464333,1262.90613083,1052369.0,99523.45070046,4212.37137305
BTC_JPY,2020-06-04T01:15:49.33,21945759,1052369.0,1052658.0,14.77235373,0.15,2009.91519333,1261.5007307,1052369.0,99520.88840046,4211.87137305
BTC_JPY,2020-06-04T01:15:54.96,21945791,1052369.0,1052658.0,14.72235373,0.15,2009.74640333,1263.05963083,1052369.0,99507.77644603,4211.76137305
BTC_JPY,2020-06-04T01:15:58.54,21945810,1052369.0,1052658.0,14.67235373,0.15,2009.74229333,1263.05963083,1052369.0,99504.51496197,4211.81137305
BTC_JPY,2020-06-04T01:16:04.057,21945826,1052369.0,1052658.0,14.62235373,0.15,2009.69229333,1262.60003083,1052369.0,99502.88636868,4211.86137305
BTC_JPY,2020-06-04T01:16:08.473,21945849,1052369.0,1052658.0,14.62235373,0.15,2009.69282333,1262.54923083,1052369.0,99501.49550119,4211.86137305
BTC_JPY,2020-06-04T01:16:15.18,21945899,1052369.0,1052655.0,14.48995497,0.03,2009.60400457,1261.58923083,1052369.0,99502.62489895,4211.70477081
BTC_JPY,2020-06-04T01:16:19.793,21945945,1052370.0,1052654.0,0.17899974,0.45000013,2009.83071431,1262.43323083,1052370.0,99499.59020921,4211.90477107
BTC_JPY,2020-06-04T01:16:24.91,21945985,1052369.0,1052619.0,14.25672087,0.15,2009.42457047,1262.34423083,1052369.0,99496.52675508,4212.31700491
BTC_JPY,2020-06-04T01:16:29.317,21946013,1052369.0,1052514.0,16.18672087,0.45000013,2011.38457047,1262.19603083,1052369.0,99490.86859313,4211.04700491
BTC_JPY,2020-06-04T01:16:34.537,21946029,1052369.0,1052514.0,16.33902914,0.45000013,2011.54643874,1262.21603083,1052369.0,99489.69168299,4211.17969664
BTC_JPY,2020-06-04T01:16:39.393,21946121,1052387.0,1052997.0,0.057879999999999994,0.31,2013.1299987,1258.73701067,1052798.0,99507.64666921,4213.6972569
BTC_JPY,2020-06-04T01:16:44.32,21946219,1052370.0,1052555.0,0.2,0.02,2012.90427203,1260.76126399,1052387.0,99503.37207292,4213.7472569
BTC_JPY,2020-06-04T01:16:50.28,21946300,1052369.0,1052555.0,16.28902914,0.02,2012.58527203,1261.33466399,1052369.0,99504.70007292,4213.9972569
BTC_JPY,2020-06-04T01:16:54.803,21946344,1052369.0,1052555.0,16.23902914,0.02,2011.41135203,1259.36466399,1052369.0,99500.42946698,4213.6631569
BTC_JPY,2020-06-04T01:16:59.96,21946396,1052370.0,1052833.0,0.2,0.1,2011.23320934,1258.3105013,1052374.0,99496.86881168,4213.5131569
BTC_JPY,2020-06-04T01:17:05.23,21946451,1052370.0,1052782.0,0.2,0.1,2011.60618934,1259.2109913,1052374.0,99499.19378332,4213.1837269
BTC_JPY,2020-06-04T01:17:09.99,21946499,1052370.0,1052749.0,0.14,0.31,2011.55286934,1258.6451912999999,1052370.0,99496.97605457,4213.233725900001
BTC_JPY,2020-06-04T01:17:15.04,21946567,1052370.0,1052702.0,0.09,0.1,2011.44520934,1258.61587033,1052387.0,99498.41440075,4212.7231259
BTC_JPY,2020-06-04T01:17:20.007,21946627,1052374.0,1052515.0,0.002,0.0052,2012.20926934,1258.60893466,1052370.0,99492.27033822,4211.1031259
BTC_JPY,2020-06-04T01:20:05.697,21949611,1051533.0,1052020.0,0.0568,0.001,1981.98063603,1257.5583358,1051900.0,99401.95562704,4235.8249283
BTC_JPY,2020-06-04T01:20:09.123,21949694,1051506.0,1051972.0,0.06057000000000001,0.6536,1983.51840616,1258.2864957999998,1051900.0,99404.86579326,4235.8149273
BTC_JPY,2020-06-04T01:20:14.827,21949773,1051506.0,1051897.0,0.06057000000000001,0.15,1983.51940616,1257.63384567,1051900.0,99375.08730589,4233.58220606
BTC_JPY,2020-06-04T01:20:20.107,21949842,1051501.0,1051867.0,0.2,0.1,1985.53622616,1258.03097466,1051900.0,99365.44731505,4233.57783553
BTC_JPY,2020-06-04T01:20:24.167,21949902,1051506.0,1051839.0,0.05933,0.31,1985.41516616,1258.38238783,1051900.0,99365.2017601,4233.57783553
BTC_JPY,2020-06-04T01:20:29.737,21950010,1051500.0,1051798.0,3.41021296,0.6509,1983.78371679,1258.44689506,1051500.0,99373.7084586,4232.69253403
BTC_JPY,2020-06-04T01:20:35.23,21950098,1051500.0,1051795.0,3.28222576,0.03,1983.20001196,1259.1661072999998,1051500.0,99383.64630573,4231.87052123
BTC_JPY,2020-06-04T01:20:39.08,21950138,1051500.0,1051795.0,3.27222576,0.03,1984.04994932,1259.0824073,1051500.0,99377.84254992,4231.88052123
BTC_JPY,2020-06-04T01:20:43.86,21950171,1051505.0,1051795.0,0.05633,0.03,1984.49934196,1259.9206072999998,1051500.0,99375.46269884,4231.68052123
BTC_JPY,2020-06-04T01:20:49.893,21950251,1051500.0,1052016.0,3.27222576,0.15,1985.18390172,1260.23674453,1051900.0,99401.97707473,4232.41252123
BTC_JPY,2020-06-04T01:20:54.577,21950351,1051584.0,1052203.0,0.11,0.15,1984.12386249,1259.38917783,1052068.0,99408.73520165,4233.51552123
BTC_JPY,2020-06-04T01:21:00.023,21950464,1051602.0,1052199.0,0.2,0.31,1983.34394932,1259.53427783,1052068.0,99408.09180165,4233.46452123
BTC_JPY,2020-06-04T01:21:04.947,21950541,1051622.0,1052206.0,0.05651000000000001,0.6509,1983.81130975,1258.48629509,1052068.0,99409.68828909,4233.46452123
BTC_JPY,2020-06-04T01:21:09.153,21950627,1051517.0,1051798.0,0.06412000000000001,0.32,1983.16656932,1258.44117496,1051512.0,99416.34562922,4233.57452123
BTC_JPY,2020-06-04T01:21:14.367,21950703,1051500.0,1051786.0,3.22804563,1.0,1983.34032721,1257.70140268,1051500.0,99418.87881226,4233.87452136
BTC_JPY,2020-06-04T01:21:19.033,21950749,1051500.0,1051772.0,3.20804563,0.31,1982.78832734,1260.95580281,1051500.0,99419.03420998,4233.89452136
BTC_JPY,2020-06-04T01:21:24.833,21950892,1050785.0,1051272.0,0.05993,0.35,1980.06559117,1262.23846278,1050817.0,99441.9548245,4237.515447
BTC_JPY,2020-06-04T01:21:30.267,21951005,1050785.0,1051197.0,0.05993,0.2,1980.40789117,1261.70366278,1050817.0,99438.80092296,4236.90781653
BTC_JPY,2020-06-04T01:21:34.28,21951085,1050785.0,1051176.0,0.05993,0.15,1980.76189117,1262.42256265,1050817.0,99439.44891715,4236.86781253
BTC_JPY,2020-06-04T01:21:39.603,21951173,1050780.0,1051142.0,0.15262649,0.1,1981.55865005,1263.06126278,1050780.0,99454.50647055,4236.99769954
BTC_JPY,2020-06-04T01:21:45.333,21951342,1050500.0,1051023.0,0.36811394,0.8370000000000001,1981.03579748,1262.28733466,1050795.0,99438.26157899,4237.62111542
BTC_JPY,2020-06-04T01:21:49.57,21951436,1050505.0,1050955.0,0.05899,0.637,1978.1403537,1262.03137453,1050917.0,99437.03955719,4237.94111542
BTC_JPY,2020-06-04T01:21:54.997,21951517,1050505.0,1050925.0,0.05899,0.637,1980.56400817,1263.00495535,1050917.0,99435.67348154,4237.94111542
BTC_JPY,2020-06-04T01:21:59.5,21951591,1050528.0,1051135.0,0.1,0.03,1980.92191818,1261.22115522,1050897.0,99444.61045054,4238.38589577
BTC_JPY,2020-06-04T01:22:04.807,21951727,1050664.0,1051135.0,0.1,0.03,1980.49546566,1262.56519284,1050897.0,99445.50619142,4238.38589577
BTC_JPY,2020-06-04T01:22:09.33,21951844,1050755.0,1051317.0,0.1,0.15,1982.4859366,1260.97124379,1051135.0,99461.60050481,4238.21589577
BTC_JPY,2020-06-04T01:22:14.4,21951932,1050800.0,1051317.0,0.06151,0.15,1981.7642466,1261.35930379,1051135.0,99459.11715429,4237.85389577
BTC_JPY,2020-06-04T01:22:19.853,21952049,1050772.0,1051286.0,0.1,0.6332,1983.04103748,1262.11350379,1051135.0,99463.96773563,4237.37089577
BTC_JPY,2020-06-04T01:25:04.957,21955207,1051045.0,1051685.0,0.6067,1.0,1982.90523749,1262.11052396,1051289.0,99399.00213521,4238.27021589
BTC_JPY,2020-06-04T01:25:09.107,21955324,1051093.0,1051661.0,0.6067,1.0,1986.08142845,1261.20284562,1051289.0,99393.71490872,4238.27021589
BTC_JPY,2020-06-04T01:25:14.43,21955433,1051148.0,1051719.0,0.2,1.0,1987.23145845,1260.97684466,1051289.0,99393.46684934,4237.94741589
BTC_JPY,2020-06-04T01:25:19.713,21955565,1051343.0,1051725.0,0.2,0.03,1989.37703845,1261.06115562,1051289.0,99392.85919687,4237.26941589
BTC_JPY,2020-06-04T01:25:24.567,21955660,1051374.0,1051725.0,0.1,0.028999999999999998,1988.11933832,1262.11014562,1051725.0,99396.18975357,4238.39041589
BTC_JPY,2020-06-04T01:25:30.013,21955774,1051405.0,1051725.0,0.2,0.028999999999999998,1988.20443845,1260.73354562,1051500.0,99393.47273430001,4238.59041589
BTC_JPY,2020-06-04T01:25:34.293,21955861,1051500.0,1051773.0,1.0,0.1,1988.63633845,1260.50644549,1051725.0,99394.84584430001,4238.61941589
BTC_JPY,2020-06-04T01:25:39.25,21955986,1051501.0,1051898.0,0.2,0.3668,1988.89203845,1260.28135562,1051773.0,99399.3362775,4238.48941589
BTC_JPY,2020-06-04T01:25:45.243,21956066,1051501.0,1051842.0,0.14,1.0,1989.98862764,1260.37386481,1051501.0,99400.20615208,4238.53941589
BTC_JPY,2020-06-04T01:25:49.36,21956104,1051501.0,1051830.0,0.14,1.0,1989.97804923,1260.3739664,1051501.0,99394.05386613,4238.49891589
BTC_JPY,2020-06-04T01:25:54.62,21956204,1051500.0,1051839.0,0.89,1.0,1986.72447923,1260.6929664000004,1051500.0,99390.39226513,4238.74891589
BTC_JPY,2020-06-04T01:25:59,21956256,1051500.0,1051819.0,0.45206827,0.15,1986.74696751,1260.9643464,1051500.0,99380.76618072,4239.18684762
BTC_JPY,2020-06-04T01:26:04.76,21956318,1051500.0,1051773.0,0.45206827,0.15,1987.49594751,1260.9090064000004,1051500.0,99375.94528947,4239.13984762
BTC_JPY,2020-06-04T01:26:09.907,21956371,1051500.0,1051852.0,0.40206827,0.03,1987.71912787,1259.89344453,1051500.0,99361.47955765,4239.18984762
BTC_JPY,2020-06-04T01:26:15.05,21956484,1052105.0,1052265.0,0.1,0.001,1990.03972788,1255.84624453,1052210.0,99371.00582291,4241.13714762
BTC_JPY,2020-06-04T01:26:19.317,21956578,1052000.0,1052400.0,0.0605,0.18283,1990.3755423,1256.25791119,1051996.0,99398.73177486,4243.18814762
BTC_JPY,2020-06-04T01:26:24.89,21956641,1052036.0,1052400.0,0.6036,0.18283,1991.03655217,1256.97579466,1051996.0,99404.43657065,4243.18814762
BTC_JPY,2020-06-04T01:26:28.7,21956692,1051960.0,1052399.0,0.05767000000000001,0.2,1991.64901229,1257.62402156,1051996.0,99405.65088148,4243.18814762
BTC_JPY,2020-06-04T01:26:34.487,21956745,1051954.0,1052399.0,0.6036,0.2,1990.95667576,1257.76136156,1051960.0,99407.20974443,4243.23814762
BTC_JPY,2020-06-04T01:26:39.767,21956801,1051956.0,1052399.0,0.5536,0.2,1991.5932860999997,1258.56713156,1051956.0,99404.69968673,4242.99814762
BTC_JPY,2020-06-04T01:26:44.497,21956855,1051954.0,1052399.0,0.6036,0.2,1989.80468759,1257.69198649,1051956.0,99399.84102749999,4243.04814762
BTC_JPY,2020-06-04T01:26:49.69,21956928,1052170.0,1052399.0,0.32,0.2,1991.0789375999998,1256.70084466,1051989.0,99401.82338239999,4243.09814762
BTC_JPY,2020-06-04T01:26:54.08,21957017,1052233.0,1052423.0,0.05586,0.001,1990.73935195,1255.74809071,1052410.0,99405.52336466,4243.65097762
BTC_JPY,2020-06-04T01:26:59.133,21957071,1052233.0,1052477.0,0.05909,0.1,1991.20478195,1255.37876084,1052423.0,99400.28259392,4243.69797712
BTC_JPY,2020-06-04T01:27:05.07,21957146,1052018.0,1052477.0,0.591,0.1,1992.67568337,1254.41274453,1052423.0,99400.98008143,4243.589210800002
BTC_JPY,2020-06-04T01:27:09.963,21957235,1052105.0,1052477.0,0.591,0.1,1993.78068337,1255.23537226,1052081.0,99404.11199558,4243.6192098
BTC_JPY,2020-06-04T01:27:14.457,21957330,1052005.0,1052476.0,0.14,0.5668,1992.39825095,1255.86364984,1052005.0,99408.11816677,4243.429209800001
BTC_JPY,2020-06-04T01:27:19.673,21957398,1051956.0,1052452.0,0.57,0.03,1992.09136095,1257.97850984,1052466.0,99412.97209277,4243.559209800002
BTC_JPY,2020-06-04T01:30:09.57,21959524,1052499.0,1052789.0,0.32,0.1998,1991.72948979,1259.35543769,1052500.0,99345.44656461,4243.07189262
BTC_JPY,2020-06-04T01:30:14.607,21959591,1052449.0,1052788.0,0.32,0.2,1991.70448979,1259.65143769,1052500.0,99326.39841158,4243.05089062
BTC_JPY,2020-06-04T01:30:19.187,21959615,1052449.0,1052788.0,0.3,0.2,1991.22681979,1259.71085769,1052449.0,99320.50010653,4243.04088762
BTC_JPY,2020-06-04T01:30:25.273,21959785,1052012.0,1052708.0,0.3,0.03,1990.98100882,1259.62924453,1052449.0,99320.55181304,4242.97588112
BTC_JPY,2020-06-04T01:30:29.78,21959904,1052034.0,1052683.0,0.5564,0.03,1991.58500882,1259.85185671,1052449.0,99317.56325228,4242.95087912
BTC_JPY,2020-06-04T01:30:34.653,21959973,1052119.0,1052422.0,0.06491,0.2,1991.09791881,1260.70976658,1052224.0,99315.70101994,4242.97087912
BTC_JPY,2020-06-04T01:30:39.347,21960053,1052477.0,1052749.0,0.1,1.0,1991.63540881,1260.01924466,1052423.0,99316.96803836,4243.19087912
BTC_JPY,2020-06-04T01:30:44.18,21960154,1052314.0,1052755.0,0.4672,0.03,1991.46363278,1260.88179067,1052423.0,99317.75695487,4243.19087912
BTC_JPY,2020-06-04T01:30:49.41,21960262,1052263.0,1052755.0,0.4675,0.03,1991.31391278,1261.54441067,1052423.0,99312.92666459,4243.18087812
BTC_JPY,2020-06-04T01:30:54.93,21960318,1052263.0,1052793.0,0.34015878,0.5529,1991.0739773,1261.62129641,1052423.0,99312.97157472,4243.17887812
BTC_JPY,2020-06-04T01:30:59.783,21960367,1052263.0,1052742.0,0.34015878,0.5529,1991.6446573,1261.40277641,1052423.0,99301.58133906,4243.13887412
BTC_JPY,2020-06-04T01:31:04.303,21960449,1052000.0,1052799.0,0.3,0.5529,1990.77361839,1261.26366641,1052748.0,99299.35749236,4242.78159952
BTC_JPY,2020-06-04T01:31:08.997,21960584,1052423.0,1052800.0,0.1,0.1,1991.94895165,1260.71939955,1052790.0,99292.01067446,4242.84201965
BTC_JPY,2020-06-04T01:31:14.59,21960723,1052423.0,1052775.0,0.1,0.0668,1991.78558165,1260.88237955,1052790.0,99290.30219786,4242.67701465
BTC_JPY,2020-06-04T01:31:19.987,21960808,1052423.0,1052799.0,0.1,0.15,1993.18626165,1258.64836955,1052790.0,99286.6191452,4242.66701465
BTC_JPY,2020-06-04T01:31:24.513,21960897,1052423.0,1052800.0,0.1,0.1,1992.98626165,1259.21226955,1052790.0,99286.40490603,4242.66701465
BTC_JPY,2020-06-04T01:31:29.34,21960999,1052423.0,1052700.0,0.1,0.2,1992.67158165,1257.71664466,1052790.0,99288.58156448,4242.66601465
BTC_JPY,2020-06-04T01:31:34.437,21961069,1052429.0,1052700.0,0.05701000000000001,0.2,1993.47659165,1258.14198955,1052790.0,99286.99902002,4242.46848932
BTC_JPY,2020-06-04T01:31:40.15,21961161,1052488.0,1052800.0,0.5396,0.008,1992.66857779,1256.46541453,1052800.0,99294.08220834,4243.01048932
BTC_JPY,2020-06-04T01:31:44.947,21961248,1052634.0,1052932.0,0.32,0.001,1993.10357779,1257.90212569,1052800.0,99296.10298585,4243.01848932
BTC_JPY,2020-06-04T01:31:49.143,21961307,1052675.0,1052932.0,0.0631,0.001,1992.91407792,1257.67112582,1052800.0,99292.0635593,4242.11048832
BTC_JPY,2020-06-04T01:31:55.22,21961371,1052713.0,1053000.0,0.06412000000000001,0.00772128,1992.54209779,1256.03882569,1053000.0,99294.27888759,4244.09048832
BTC_JPY,2020-06-04T01:31:59.137,21961393,1052703.0,1053000.0,0.06026,0.00772128,1992.72816337,1256.87815127,1053000.0,99302.4045606,4244.09048832
BTC_JPY,2020-06-04T01:32:04.35,21961417,1052664.0,1053000.0,0.14015878,0.00772128,1992.52806216,1257.53752127,1053000.0,99306.29768078,4243.91048832
BTC_JPY,2020-06-04T01:32:09.497,21961460,1052676.0,1053000.0,0.1,0.00772128,1992.04247338,1257.94124127,1053000.0,99305.11685074,4243.91048832
BTC_JPY,2020-06-04T01:32:14.857,21961507,1052702.0,1053000.0,0.005,0.01772128,1992.73106216,1257.88145127,1053000.0,99306.45577847,4243.40748832
BTC_JPY,2020-06-04T01:32:19.593,21961543,1052702.0,1053081.0,0.005,0.5507,1991.78390325,1257.52406999,1053000.0,99306.66669367,4243.4252096
BTC_JPY,2020-06-04T01:32:24.543,21961676,1052423.0,1052902.0,0.1,0.02,1991.56340325,1260.04762999,1052583.0,99333.77740986,4243.8151646
BTC_JPY,2020-06-04T01:35:10.19,21964221,1053602.0,1053987.0,0.15,0.02,1995.23085724,1255.00253374,1053600.0,99438.31669316,4242.17686294
BTC_JPY,2020-06-04T01:35:13.717,21964272,1053605.0,1053987.0,0.15,0.02,1994.3504399,1255.19249653,1053600.0,99444.53489033,4242.13186294
BTC_JPY,2020-06-04T01:35:19.807,21964352,1054000.0,1054123.0,1.86589996,0.17,1995.03836471,1253.02852039,1054000.0,99442.78117789,4243.51596298
BTC_JPY,2020-06-04T01:35:24.887,21964406,1054000.0,1054123.0,0.66593895,0.17,1994.83774805,1252.86937159,1054000.0,99442.81418506,4244.71592399
BTC_JPY,2020-06-04T01:35:29.45,21964437,1054000.0,1054123.0,0.66593895,0.17,1994.52774805,1253.04185159,1054000.0,99443.30795906,4244.71592399
BTC_JPY,2020-06-04T01:35:34.9,21964555,1053543.0,1054087.0,0.5688,0.1,1991.71164915,1251.37985159,1054000.0,99444.70277799999,4245.39186294
BTC_JPY,2020-06-04T01:35:39.36,21964661,1053500.0,1053988.0,0.01,0.5688,1991.14490915,1251.72144159,1054000.0,99436.04410582,4245.39186294
BTC_JPY,2020-06-04T01:35:44.113,21964758,1053500.0,1053999.0,0.01,0.5688,1987.71960903,1251.64104146,1054000.0,99436.89585589999,4245.39186294
BTC_JPY,2020-06-04T01:35:49.583,21964802,1053500.0,1053988.0,0.01,0.1,1988.68360916,1253.74104159,1054000.0,99424.36210517,4243.00791294
BTC_JPY,2020-06-04T01:35:54.937,21964868,1053500.0,1053964.0,0.01,0.1,1988.76160916,1255.92884159,1054000.0,99418.31238467,4242.25164054
BTC_JPY,2020-06-04T01:35:59.813,21964927,1053500.0,1053964.0,0.01,0.1,1990.95675916,1256.26327159,1054000.0,99409.02146544,4242.25164054
BTC_JPY,2020-06-04T01:36:04.72,21965009,1053503.0,1053964.0,0.05914,0.1,1990.52131916,1256.28464159,1054000.0,99404.90561563,4242.24164054
BTC_JPY,2020-06-04T01:36:09.5,21965111,1053500.0,1053964.0,0.01,0.1,1988.81617917,1256.58849159,1053507.0,99404.26674827,4242.24434054
BTC_JPY,2020-06-04T01:36:15.023,21965206,1053505.0,1053964.0,0.060289999999999996,0.1,1990.30485258,1257.05993159,1053507.0,99402.18302226,4242.24434054
BTC_JPY,2020-06-04T01:36:19.873,21965262,1053500.0,1053964.0,0.01,0.1,1989.98001258,1256.45368146,1053507.0,99402.04812334,4242.24434054
BTC_JPY,2020-06-04T01:36:24.487,21965320,1053500.0,1053964.0,0.01,0.1,1990.30183258,1257.00977159,1053507.0,99399.74974334,4242.14434054
BTC_JPY,2020-06-04T01:36:30.173,21965477,1052831.0,1053454.0,0.12,0.1545,1983.7285142,1259.40530675,1052831.0,99412.76054559,4242.48034054
BTC_JPY,2020-06-04T01:36:33.987,21965585,1052632.0,1053411.0,0.32,0.5626,1986.26571433,1259.60020675,1053425.0,99427.38902397,4243.48034054
BTC_JPY,2020-06-04T01:36:39.143,21965730,1052504.0,1053394.0,0.4438,0.30000013,1988.37552433,1259.39270675,1053407.0,99438.19402615,4244.46034054
BTC_JPY,2020-06-04T01:36:45.06,21965884,1052524.0,1053404.0,0.7987,1.0,1986.43945433,1259.70170675,1053407.0,99438.54695285,4244.46034054
BTC_JPY,2020-06-04T01:36:49.313,21966024,1052558.0,1053373.0,1.0038,0.0581,1988.34905857,1257.70569222,1053407.0,99443.00856578,4244.46034054
BTC_JPY,2020-06-04T01:36:54.44,21966166,1053407.0,1053447.0,0.018000000000000002,0.006,1990.04809979,1257.90085724,1053407.0,99456.49015226,4244.56234054
BTC_JPY,2020-06-04T01:37:00.327,21966277,1052692.0,1053447.0,0.3,0.006,1985.36906481,1259.14829222,1053407.0,99468.10733271,4244.58034054
BTC_JPY,2020-06-04T01:37:05.01,21966425,1052684.0,1053490.0,0.68775878,0.4881,1986.60882359,1258.94778733,1053447.0,99459.37038613,4244.57633954
BTC_JPY,2020-06-04T01:37:09.337,21966504,1052682.0,1053480.0,0.06462999999999999,0.2,1987.0281149,1259.39397733,1053447.0,99455.68961024,4244.57633954
BTC_JPY,2020-06-04T01:37:14.813,21966638,1052712.0,1053507.0,0.15,0.03,1990.1486849,1259.20537733,1053447.0,99460.50419024,4244.57351954
BTC_JPY,2020-06-04T01:37:19.517,21966766,1052841.0,1053507.0,0.5503,0.03,1989.4476149,1259.21838733,1053447.0,99462.12699677,4244.57351954
BTC_JPY,2020-06-04T01:37:24.847,21966909,1052818.0,1053526.0,0.3565,0.9003,1989.7216949,1259.75722733,1053447.0,99463.25072554,4244.58351954
BTC_JPY,2020-06-04T01:40:09.663,21970438,1053000.0,1053532.0,0.0045,1.0,1988.23001618,1258.6461195999998,1053562.0,99410.88561323,4244.89907129
BTC_JPY,2020-06-04T01:40:14.773,21970543,1053000.0,1053516.0,0.0045,0.15,1987.60492618,1259.1061195999996,1053562.0,99410.26061323,4244.89907129
BTC_JPY,2020-06-04T01:40:19.65,21970651,1053000.0,1053472.0,0.0045,0.15,1987.22741605,1258.12564947,1053562.0,99410.01061323,4244.89907129
BTC_JPY,2020-06-04T01:40:24.493,21970776,1053000.0,1053409.0,0.0045,0.15,1988.87601618,1259.3597896,1053562.0,99408.42761323,4244.87907129
BTC_JPY,2020-06-04T01:40:29.737,21970901,1053000.0,1053371.0,0.0045,0.15,1989.27081618,1259.6582896,1053562.0,99405.64883291,4244.87907129
BTC_JPY,2020-06-04T01:40:35.257,21971048,1053000.0,1053415.0,0.0045,0.32,1988.06006469,1259.12296824,1053562.0,99411.30437262,4244.87907129
BTC_JPY,2020-06-04T01:40:39.35,21971164,1053000.0,1053560.0,0.0045,0.30000013,1990.17810618,1259.5718095999996,1053561.0,99413.93754943,4245.87907129
BTC_JPY,2020-06-04T01:40:44.683,21971313,1052898.0,1053557.0,0.1895015,0.31,1991.09911768,1259.9967295999998,1052895.0,99410.89964793,4243.05406979
BTC_JPY,2020-06-04T01:40:50.033,21971425,1052915.0,1053574.0,0.535,0.11,1991.56924448,1259.7771579000002,1052895.0,99410.02403461,4243.05301979
BTC_JPY,2020-06-04T01:40:54.37,21971532,1052927.0,1053575.0,0.2,0.03,1990.97136448,1259.3251979,1052895.0,99410.11777461,4243.05301979
BTC_JPY,2020-06-04T01:41:00.07,21971688,1053562.0,1053598.0,0.08484,0.26,1991.64415598,1260.0398779000002,1052895.0,99409.34853688,4242.85301979
BTC_JPY,2020-06-04T01:41:05.087,21971821,1052856.0,1053588.0,0.06306,0.31,1991.36622448,1260.9340679000004,1053562.0,99392.99699349,4240.89795996
BTC_JPY,2020-06-04T01:41:09.287,21971929,1052942.0,1053603.0,0.2,0.31,1990.98211618,1261.0309396,1053562.0,99385.316854,4236.49436394
BTC_JPY,2020-06-04T01:41:14.497,21972047,1052947.0,1053606.0,0.7308,0.31,1992.28908618,1259.9062496,1053500.0,99373.18765691,4228.25443075
BTC_JPY,2020-06-04T01:41:20.733,21972228,1052889.0,1053581.0,0.7244,0.26,1992.62124661,1259.8072384000004,1053595.0,99343.44016621,4221.43443224
BTC_JPY,2020-06-04T01:41:23.92,21972328,1052909.0,1053573.0,0.2,0.11,1993.56600389,1260.11584732,1053595.0,99337.04023088,4220.61443224
BTC_JPY,2020-06-04T01:41:29.953,21972466,1053102.0,1053595.0,0.32,0.306,1993.0916039,1259.54658732,1053047.0,99334.06773573,4220.62443224
BTC_JPY,2020-06-04T01:41:34.81,21972556,1053116.0,1053595.0,0.23528,0.316,1992.67688389,1259.49943732,1053116.0,99330.71863173,4220.08216224
BTC_JPY,2020-06-04T01:41:39.86,21972652,1053595.0,1053844.0,0.5,0.006999999999999999,1993.82660864,1259.32572207,1053636.0,99332.20029077,4220.76343225
BTC_JPY,2020-06-04T01:41:44.297,21972692,1053595.0,1053935.0,0.5,1.0,1993.82504864,1258.78992811,1053636.0,99333.24676867,4220.76343225
BTC_JPY,2020-06-04T01:41:49.25,21972754,1053596.0,1053636.0,0.2,2.15567999,1993.73550389,1262.24811731,1053636.0,99336.55535346,4222.74775226
BTC_JPY,2020-06-04T01:41:54.54,21972788,1053596.0,1053636.0,0.2,1.2725283,1993.14506389,1260.76726562,1053636.0,99337.57999016,4223.63090395
BTC_JPY,2020-06-04T01:42:00.023,21972814,1053596.0,1053636.0,0.2,1.2725283,1994.50204389,1261.31326562,1053636.0,99336.40445892,4223.43090395
BTC_JPY,2020-06-04T01:42:04.423,21972855,1053131.0,1053635.0,0.6868,0.2,1993.67440389,1261.50326562,1053595.0,99339.46597578,4223.89090395
BTC_JPY,2020-06-04T01:42:09.897,21972948,1053097.0,1053633.0,0.5368,0.2,1993.99340389,1261.43496562,1053595.0,99339.05770489,4223.89090395
BTC_JPY,2020-06-04T01:42:14.4,21973043,1053536.0,1053636.0,0.001,1.10752844,1993.29603389,1260.95564576,1053636.0,99316.1535181,4222.97590295
BTC_JPY,2020-06-04T01:42:19.433,21973153,1053637.0,1054000.0,0.5412,0.257,1992.18950865,1259.87512194,1053636.0,99321.61962249,4224.07343139
BTC_JPY,2020-06-04T01:42:24.553,21973208,1053647.0,1054000.0,0.4,0.257,1993.74760864,1257.72012207,1053649.0,99323.11475971,4224.52170656
BTC_JPY,2020-06-04T01:45:09.647,21976177,1053181.0,1053614.0,0.15791266,0.06467,1981.28847748,1262.91558824,1053548.0,99369.36470332,4227.28396439
BTC_JPY,2020-06-04T01:45:14.627,21976221,1053181.0,1053543.0,0.15791266,0.060039999999999996,1981.72439651,1263.74262727,1053548.0,99364.06559316,4227.27396439
BTC_JPY,2020-06-04T01:45:20.097,21976244,1053181.0,1053547.0,0.10791266,0.2,1982.75639651,1263.58658727,1053181.0,99358.00426196,4227.32396439
BTC_JPY,2020-06-04T01:45:24.953,21976317,1053000.0,1053527.0,0.0155,0.31,1981.73048385,1263.92658727,1053181.0,99359.41429395,4227.43187705
BTC_JPY,2020-06-04T01:45:29.957,21976444,1053000.0,1053481.0,0.0155,0.31,1980.36102034,1265.75672376,1053181.0,99359.22361474,4227.43187705
BTC_JPY,2020-06-04T01:45:34.807,21976587,1052656.0,1053069.0,0.002,0.06204,1976.56188482,1266.87895417,1052777.0,99367.01528823,4229.34787705
BTC_JPY,2020-06-04T01:45:38.997,21976700,1052539.0,1052656.0,0.209,0.10798997,1976.60441069,1267.64286407,1052656.0,99376.44392492,4229.34987705
BTC_JPY,2020-06-04T01:45:44.483,21976849,1052067.0,1052651.0,0.545,0.05636,1976.46639385,1265.41693397,1052423.0,99384.06645576,4230.17987705
BTC_JPY,2020-06-04T01:45:49.197,21976993,1052084.0,1052860.0,0.545,1.0,1977.51420253,1265.68411844,1052423.0,99387.54426901,4230.17987705
BTC_JPY,2020-06-04T01:45:54.297,21977116,1052096.0,1052838.0,0.545,0.135,1973.07903253,1265.30041844,1052423.0,99375.69059878,4230.16987705
BTC_JPY,2020-06-04T01:46:00.403,21977267,1052008.0,1052423.0,0.3,0.02,1974.67863253,1264.15072074,1052423.0,99373.30845974,4230.16987705
BTC_JPY,2020-06-04T01:46:05.27,21977388,1052423.0,1052686.0,0.18,0.30000013,1974.72820253,1264.88511845,1052423.0,99369.96325453,4230.18987705
BTC_JPY,2020-06-04T01:46:09.463,21977476,1052423.0,1052805.0,0.18207616,0.31,1976.61234869,1265.28271845,1052423.0,99371.52160373,4230.08987705
BTC_JPY,2020-06-04T01:46:14.23,21977566,1052423.0,1052825.0,0.18207616,0.2,1975.74243869,1264.45791845,1052423.0,99370.00153805,4230.08987705
BTC_JPY,2020-06-04T01:46:19.283,21977718,1052000.0,1052417.0,0.32200005,0.2,1972.62451482,1266.82894216,1052423.0,99379.65961260001,4230.27195321
BTC_JPY,2020-06-04T01:46:24.75,21977843,1052000.0,1052403.0,0.32200005,0.5,1978.25220253,1268.05588229,1052423.0,99386.14206474,4230.27195321
BTC_JPY,2020-06-04T01:46:29.877,21977934,1052000.0,1052420.0,0.32200005,0.2,1978.25226253,1267.53888229,1052423.0,99390.46151561,4230.27195321
BTC_JPY,2020-06-04T01:46:34.93,21977990,1052000.0,1052420.0,0.32200005,0.2,1977.31176253,1267.52428229,1052423.0,99392.33530156,4230.22195321
BTC_JPY,2020-06-04T01:46:39.59,21978052,1052001.0,1052251.0,0.2,0.02,1974.08852253,1267.12339242,1052423.0,99391.73373645,4231.19695321
BTC_JPY,2020-06-04T01:46:44.653,21978095,1052001.0,1052419.0,0.19899999999999998,0.03,1974.65352253,1267.61645242,1052001.0,99389.02604987,4231.18795321
BTC_JPY,2020-06-04T01:46:49.75,21978152,1052000.0,1052418.0,0.32200005,0.0688,1975.16310482,1266.98877242,1052001.0,99390.64173715,4232.18795321
BTC_JPY,2020-06-04T01:46:55.347,21978262,1052002.0,1052419.0,0.5433,0.03,1979.48921982,1265.77354471,1052001.0,99392.01017835,4232.18795321
BTC_JPY,2020-06-04T01:46:59.177,21978349,1052220.0,1052423.0,0.3,1.56968566,1978.90438253,1264.95463411,1052423.0,99406.12208436,4233.44729152
BTC_JPY,2020-06-04T01:47:05.197,21978401,1052224.0,1052423.0,0.15,1.56488566,1978.59736253,1267.15212411,1052423.0,99395.26277285,4232.44729152
BTC_JPY,2020-06-04T01:47:09.843,21978481,1052039.0,1052422.0,0.32,0.2,1978.48590482,1265.62850411,1052423.0,99401.16429971,4232.45729152
BTC_JPY,2020-06-04T01:47:13.963,21978528,1052004.0,1052422.0,0.15,0.2,1979.60655253,1266.17891411,1052423.0,99399.42929971,4232.25729152
BTC_JPY,2020-06-04T01:47:19.967,21978593,1052002.0,1052422.0,0.15,0.2,1976.52960482,1265.7360264000001,1052423.0,99397.4798322,4232.25729152
BTC_JPY,2020-06-04T01:47:24.947,21978680,1052001.0,1052417.0,0.028999999999999998,0.2238,1976.55299253,1266.28491411,1052423.0,99399.04841115,4232.25729152
BTC_JPY,2020-06-04T01:50:09.733,21981668,1051986.0,1052132.0,3.41514096,0.2,1979.973645,1265.80930803,1051986.0,99385.73251665,4225.9788922
BTC_JPY,2020-06-04T01:50:15.183,21981789,1051574.0,1051933.0,3.54281872,0.135,1974.66903849,1266.3327773,1051574.0,99397.2832821,4229.80121444
BTC_JPY,2020-06-04T01:50:19.437,21981887,1051575.0,1052104.0,0.5504,0.03,1978.08161683,1265.5697623,1051574.0,99405.85839376,4229.80121444
BTC_JPY,2020-06-04T01:50:24.653,21981954,1051574.0,1052104.0,3.56281872,0.03,1978.50022683,1266.7255623,1051574.0,99417.62788121,4229.80121444
BTC_JPY,2020-06-04T01:50:29.35,21982081,1051574.0,1052011.0,3.56281872,0.2,1977.36263683,1266.7485367000004,1051574.0,99420.16214721,4229.80121444
BTC_JPY,2020-06-04T01:50:34.147,21982187,1051574.0,1051955.0,3.56281872,0.239,1977.42134683,1267.6065678,1051574.0,99423.03409465,4229.80121444
BTC_JPY,2020-06-04T01:50:39.46,21982269,1051574.0,1051904.0,3.51281872,0.15,1977.30012683,1267.9019377999996,1051574.0,99422.27515517,4229.85121444
BTC_JPY,2020-06-04T01:50:44.543,21982367,1051574.0,1051859.0,3.51281872,0.05854,1976.84482849,1266.1695178,1051574.0,99423.52915517,4229.85121444
BTC_JPY,2020-06-04T01:50:49.53,21982462,1051574.0,1051841.0,3.41281872,0.05835,1976.61460683,1266.3834278,1051574.0,99423.84785517,4229.95121444
BTC_JPY,2020-06-04T01:50:55.017,21982526,1051574.0,1051820.0,3.41181872,0.15,1977.77286683,1265.7473778,1051574.0,99423.43747199,4229.95221444
BTC_JPY,2020-06-04T01:50:59.96,21982569,1051574.0,1051707.0,3.21181872,0.135,1977.97286683,1265.0750678,1051574.0,99403.09278256,4226.64885444
BTC_JPY,2020-06-04T01:51:04.203,21982602,1051574.0,1051603.0,3.16181872,0.72,1980.02658595,1265.78528946,1051574.0,99397.87785187,4226.39885431
BTC_JPY,2020-06-04T01:51:09.507,21982632,1051574.0,1051603.0,3.16181872,0.71812414,1978.91758595,1266.02572194,1051603.0,99393.34854537,4226.39881618
BTC_JPY,2020-06-04T01:51:14.333,21982675,1051574.0,1051603.0,3.16181872,0.71619414,1978.51317761,1266.00318194,1051603.0,99393.94547537,4226.40074618
BTC_JPY,2020-06-04T01:51:18.563,21982698,1051574.0,1051603.0,3.16181872,0.71619414,1978.90867513,1265.98722112,1051603.0,99393.32800437,4226.40074618
BTC_JPY,2020-06-04T01:51:24.4,21982734,1051574.0,1051603.0,3.16181872,0.71619414,1978.72754513,1266.0061636,1051603.0,99394.15860408,4226.40074618
BTC_JPY,2020-06-04T01:51:29.67,21982774,1051574.0,1051603.0,3.16181872,0.71619414,1979.78996513,1265.95570112,1051603.0,99394.84212408,4226.40074618
BTC_JPY,2020-06-04T01:51:34.177,21982839,1051574.0,1052046.0,3.28181872,0.31,1979.91096513,1265.61693168,1051894.0,99394.42699068,4226.90114707
BTC_JPY,2020-06-04T01:51:39.677,21982993,1051574.0,1052002.0,3.38181872,0.6741,1980.0018566,1266.73968205,1051894.0,99393.70860256,4226.85114707
BTC_JPY,2020-06-04T01:51:45.353,21983102,1051574.0,1051825.0,3.38181872,0.6,1978.8528566,1265.48489639,1051894.0,99392.29431028,4226.84114707
BTC_JPY,2020-06-04T01:51:49.447,21983146,1051574.0,1051825.0,3.38181872,0.6,1979.2828566,1267.40366626,1051894.0,99388.99031028,4226.84114707
BTC_JPY,2020-06-04T01:51:53.733,21983178,1051574.0,1051821.0,3.38181872,0.239,1981.2128566,1266.94266639,1051894.0,99387.69184161,4226.83364707
BTC_JPY,2020-06-04T01:51:59.81,21983226,1051574.0,1051986.0,3.38181872,0.5242,1981.2128566,1266.88726639,1051894.0,99388.79295161,4226.68364707
BTC_JPY,2020-06-04T01:52:04.833,21983331,1051574.0,1051933.0,3.38181872,0.1,1980.74324761,1266.18217399,1051894.0,99390.23929985,4226.68364707
BTC_JPY,2020-06-04T01:52:09.963,21983437,1051500.0,1051764.0,0.54406827,0.5242,1976.90941788,1266.63403389,1051574.0,99399.59565404,4230.06546579
BTC_JPY,2020-06-04T01:52:14.76,21983548,1051119.0,1051648.0,0.147,0.1,1977.37472062,1267.13180154,1051326.0,99406.1807897,4230.71153406
BTC_JPY,2020-06-04T01:52:19.6,21983687,1051000.0,1051515.0,4.1486800000000015,0.35,1975.4303615,1267.09619408,1051000.0,99412.50643005,4230.55153406
BTC_JPY,2020-06-04T01:52:25.22,21983816,1051165.0,1051750.0,0.5348,0.4614,1974.47269061,1266.71638019,1051520.0,99432.40597681,4231.83053406
BTC_JPY,2020-06-04T01:55:09.747,21986450,1051034.0,1051516.0,0.1473,0.299,1973.95946729,1266.94722951,1051050.0,99447.68388748,4237.26711466
BTC_JPY,2020-06-04T01:55:15.197,21986492,1051035.0,1051080.0,0.3,0.098,1974.26756729,1267.49879951,1051034.0,99446.82922878,4237.42911466
BTC_JPY,2020-06-04T01:55:20.223,21986531,1051035.0,1051080.0,0.15,0.03800001,1975.09946729,1267.50972952,1051080.0,99446.86082877,4237.49911465
BTC_JPY,2020-06-04T01:55:24.12,21986575,1051034.0,1051100.0,0.0773,0.2,1972.31183729,1267.46932951,1051080.0,99451.92758878,4237.53711466
BTC_JPY,2020-06-04T01:55:29.82,21986632,1051034.0,1051100.0,0.0773,0.2,1973.41887608,1266.6242383,1051080.0,99451.06338188,4236.53711466
BTC_JPY,2020-06-04T01:55:34.34,21986672,1051034.0,1051100.0,0.0773,0.2,1973.93255608,1266.6316683,1051080.0,99453.66086077,4236.42111466
BTC_JPY,2020-06-04T01:55:39.57,21986706,1051033.0,1051100.0,0.8023,0.2,1973.65787608,1267.1449082999998,1051033.0,99451.13199077,4236.69611466
BTC_JPY,2020-06-04T01:55:44.547,21986732,1051080.0,1051140.0,0.2,0.2,1974.97398608,1266.44450817,1051120.0,99435.74598977,4227.47411366
BTC_JPY,2020-06-04T01:55:49.533,21986785,1051080.0,1051520.0,0.2,0.28999949999999997,1971.26744114,1266.7269816,1051140.0,99436.53723280001,4227.65411366
BTC_JPY,2020-06-04T01:55:54.787,21986912,1051095.0,1051520.0,0.5073,0.28999949999999997,1973.37173367,1268.17348484,1051140.0,99444.63723565,4227.65411366
BTC_JPY,2020-06-04T01:55:59.6,21987010,1051185.0,1051520.0,0.5073,0.28999949999999997,1974.20778938,1267.22195484,1051140.0,99446.98238841,4227.65411366
BTC_JPY,2020-06-04T01:56:05.067,21987130,1051375.0,1051520.0,0.3,0.0089995,1974.58643367,1267.31364725,1051520.0,99422.39102899999,4226.11721253
BTC_JPY,2020-06-04T01:56:09.54,21987239,1051112.0,1051520.0,0.5078,0.0089995,1973.43523367,1266.75490725,1051520.0,99413.00482893,4222.89321227
BTC_JPY,2020-06-04T01:56:14.867,21987386,1051080.0,1051500.0,0.21,0.05637,1973.14490938,1266.28332712,1051520.0,99418.06458238,4222.59321214
BTC_JPY,2020-06-04T01:56:20.153,21987527,1051175.0,1051520.0,0.5078,0.0089995,1976.79209179,1266.47639725,1051520.0,99432.69534533,4222.56321214
BTC_JPY,2020-06-04T01:56:24.907,21987652,1051353.0,1051520.0,0.2,0.0089995,1973.64859179,1265.23319725,1051520.0,99423.95841489,4222.26321214
BTC_JPY,2020-06-04T01:56:29.91,21987748,1051118.0,1051520.0,0.5078,0.0089995,1974.55437179,1265.25915725,1051520.0,99424.96341489,4222.26321214
BTC_JPY,2020-06-04T01:56:35.3,21987858,1051161.0,1051520.0,0.8578,0.0089995,1975.56505179,1265.79545725,1051520.0,99425.43107094,4222.06321214
BTC_JPY,2020-06-04T01:56:39.53,21987965,1051520.0,1052046.0,0.19100050000000002,0.3627,1975.14653229,1265.68015775,1051520.0,99425.63883755,4222.07221164
BTC_JPY,2020-06-04T01:56:44.39,21988052,1051520.0,1052018.0,0.19100050000000002,0.3627,1975.13303229,1265.84405775,1051520.0,99416.25053328,4213.23420334
BTC_JPY,2020-06-04T01:56:49.723,21988158,1051520.0,1051978.0,0.19100050000000002,0.2,1974.41879229,1267.48525775,1051520.0,99409.93502163,4213.21420534
BTC_JPY,2020-06-04T01:56:55.203,21988287,1051531.0,1052004.0,0.7078,0.05756,1974.96030229,1266.81974521,1051520.0,99406.65548137,4213.21420534
BTC_JPY,2020-06-04T01:56:59.61,21988402,1051531.0,1052101.0,0.8059,1.0,1975.62519229,1265.50288534,1051530.0,99418.5687237,4213.36874534
BTC_JPY,2020-06-04T01:57:04.54,21988529,1051624.0,1052278.0,0.5029,0.05875,1974.86418855,1264.45070701,1051623.0,99415.82027231,4213.31675164
BTC_JPY,2020-06-04T01:57:09.847,21988668,1051637.0,1052330.0,0.3,0.06168,1976.81311385,1265.03880218,1051623.0,99419.22166781,4213.31675164
BTC_JPY,2020-06-04T01:57:14.313,21988766,1051648.0,1052403.0,0.5029,0.4,1977.44922385,1265.06262231,1051623.0,99418.43151903,4213.31675164
BTC_JPY,2020-06-04T01:57:19.88,21988921,1051725.0,1052446.0,0.8483,0.4,1975.29435372,1264.81031231,1052458.0,99414.62621903,4213.42675164
BTC_JPY,2020-06-04T01:57:24.583,21989024,1051736.0,1052425.0,0.6394,1.0,1976.07245372,1264.59491231,1051730.0,99411.54367703,4212.79675164
BTC_JPY,2020-06-04T02:00:10.007,21993184,1050848.0,1051593.0,0.5,0.06345,1973.63205166,1266.05769387,1051490.0,99460.69435992,4214.8235049
