product_code,timestamp,tick_id,best_bid,best_ask,best_bid_size,best_ask_size,total_bid_depth,total_ask_depth,ltp,volume,volume_by_product
BTC_JPY,2020-05-22T23:55:04.407,3080301,987800.0,988120.0,0.099,0.24,1762.67671545,2060.68963513,988090.0,113555.65033668,5893.69772744
BTC_JPY,2020-05-22T23:55:10.02,3080374,987800.0,988131.0,0.099,0.04799,1761.97585677,2060.86463526,988090.0,113556.96671926,5893.67772544
BTC_JPY,2020-05-22T23:55:14.54,3080441,988090.0,988131.0,0.001,0.04799,1763.33336711,2060.41463513,988090.0,113548.91647749,5893.66977744
BTC_JPY,2020-05-22T23:55:19.56,3080524,987803.0,988146.0,0.1,0.09980019999999999,1762.58585677,2061.30854526,988090.0,113549.04232189,5893.67077744
BTC_JPY,2020-05-22T23:55:23.987,3080578,988131.0,988146.0,0.1,0.09980019999999999,1760.69726711,2058.05544514,988090.0,113554.89116789999,5893.67077744
BTC_JPY,2020-05-22T23:55:28.767,3080624,987801.0,988146.0,0.3454,0.09880019999999999,1763.97696711,2059.33464527,988090.0,113552.73755852,5893.78177744
BTC_JPY,2020-05-22T23:55:34.03,3080661,987801.0,988246.0,0.24555,0.03,1763.88611711,2059.86384527,987801.0,113554.93575194,5894.08162744
BTC_JPY,2020-05-22T23:55:39.347,3080705,987801.0,988246.0,0.24555,0.03,1763.26016517,2060.26814526,987801.0,113551.18937595,5894.08162744
BTC_JPY,2020-05-22T23:55:45,3080743,987800.0,988246.0,0.099,0.03,1763.3958153,2060.72234526,987801.0,113550.05912811,5894.08162744
BTC_JPY,2020-05-22T23:55:49.61,3080792,987800.0,988234.0,0.099,0.5704,1762.37045677,2061.34239325,987801.0,113551.95912811,5894.08162744
BTC_JPY,2020-05-22T23:55:54.893,3080922,987800.0,988122.0,0.099,0.5704,1764.7778153000006,2061.39878325,987801.0,113554.73346327,5894.07137744
BTC_JPY,2020-05-22T23:55:59.003,3081011,987801.0,988134.0,0.2523,0.04799,1765.0401153,2060.33385345,987801.0,113561.44993553,5894.07137744
BTC_JPY,2020-05-22T23:56:04.11,3081062,987999.0,988180.0,0.0999,1.2,1764.0225153000001,2061.12585345,987801.0,113565.26596772,5894.07137744
BTC_JPY,2020-05-22T23:56:09.24,3081087,987999.0,988180.0,0.0899,1.2,1764.0225153000001,2060.74685325,987999.0,113565.30263651,5894.08137744
BTC_JPY,2020-05-22T23:56:14.59,3081106,987999.0,988180.0,0.0899,1.2,1763.7231153,2061.10783112,987999.0,113555.87094689,5893.64277744
BTC_JPY,2020-05-22T23:56:19.453,3081164,987999.0,988246.0,0.0899,0.04799,1761.6982153000001,2060.07983112,987999.0,113556.41626545,5893.63277744
BTC_JPY,2020-05-22T23:56:24.34,3081200,988100.0,988246.0,0.1,0.04799,1763.8470153,2059.20443112,987999.0,113558.57187742,5893.63277744
BTC_JPY,2020-05-22T23:56:28.303,3081214,988100.0,988246.0,0.1,0.04799,1763.8470153,2059.55193113,987999.0,113559.67039713,5893.63277744
BTC_JPY,2020-05-22T23:56:33.44,3081227,987999.0,988247.0,0.1499,0.09880019999999999,1763.7470153000006,2060.75274133,988100.0,113559.53412487,5893.73277744
BTC_JPY,2020-05-22T23:56:37.987,3081235,987999.0,988247.0,0.1499,0.09880019999999999,1763.7470153000006,2059.60274133,988100.0,113558.56716484,5893.73277744
BTC_JPY,2020-05-22T23:56:44.41,3081260,987999.0,988247.0,0.1499,0.09880019999999999,1763.34096544,2059.53229147,988100.0,113557.94716484,5893.73277744
BTC_JPY,2020-05-22T23:56:49.04,3081273,987999.0,988247.0,0.1499,0.09880019999999999,1763.33096544,2059.49629147,988100.0,113555.04161339998,5893.49277744
BTC_JPY,2020-05-22T23:56:54.323,3081291,987999.0,988247.0,0.1499,0.09880019999999999,1763.63896544,2059.57089147,988100.0,113549.86576624,5893.49277744
BTC_JPY,2020-05-22T23:56:58.28,3081310,987999.0,988247.0,0.1499,0.09880019999999999,1763.44266544,2059.66616147,988100.0,113547.51024595,5893.49277744
BTC_JPY,2020-05-22T23:57:04.543,3081331,987999.0,988247.0,0.1499,0.09880019999999999,1763.45566544,2059.30416147,988100.0,113544.24524682,5893.48977744
BTC_JPY,2020-05-22T23:57:09.263,3081421,988006.0,988247.0,0.05,0.09880019999999999,1749.8113137000007,2059.43395382,988100.0,113547.02358906,5893.48977744
BTC_JPY,2020-05-22T23:57:14.043,3081479,987999.0,988247.0,0.1499,0.09880019999999999,1760.16381369,2058.905956,988100.0,113549.24551876,5893.47977744
BTC_JPY,2020-05-22T23:57:18.977,3081538,987683.0,987860.0,0.47249999,9.987e-05,1759.77725079,2059.34085369,987860.0,113550.4805523,5893.92967757
BTC_JPY,2020-05-23T00:00:04.92,3083700,988523.0,988840.0,0.457,1.2,1755.038318,2062.57168858,988518.0,113114.21981677,5857.14051669
BTC_JPY,2020-05-23T00:00:09.297,3083751,988533.0,988840.0,0.4971,1.2,1755.028418,2062.64788858,988518.0,113113.88468355,5857.13901669
BTC_JPY,2020-05-23T00:00:13.23,3083811,988538.0,988840.0,0.5491,0.59999974,1754.31030717,2061.50269637,988840.0,113114.24815813,5857.63701695
BTC_JPY,2020-05-23T00:00:20.01,3083980,988705.0,989180.0,0.2,0.799,1747.45030731,2060.52949663,989180.0,113077.46288086,5857.6790167
BTC_JPY,2020-05-23T00:00:24.7,3084083,988715.0,989179.0,0.05,0.0988002,1746.9796219,2060.10699684,989180.0,113081.73807357,5857.46001034
BTC_JPY,2020-05-23T00:00:29.44,3084196,988725.0,989180.0,0.652,1.557202,1746.22325074,2060.05489864,989180.0,113070.92268,5855.41871035
BTC_JPY,2020-05-23T00:00:34.18,3084284,988928.0,989179.0,0.05,0.0988002,1750.67425074,2058.55369884,989180.0,113048.28249295,5853.25941036
BTC_JPY,2020-05-23T00:00:39.757,3084339,988932.0,989180.0,0.05,1.1651022,1752.48115074,2060.77799897,989180.0,113039.08983787,5853.00931036
BTC_JPY,2020-05-23T00:00:44.683,3084426,989181.0,989500.0,0.01,0.51,1752.82869255,2064.84167807,989180.0,113036.18179853,5853.22385338
BTC_JPY,2020-05-23T00:00:49.263,3084482,989183.0,989500.0,0.05,0.51,1753.31169268,2063.79277948,989180.0,113023.27867765,5852.22285338
BTC_JPY,2020-05-23T00:00:54.57,3084564,989190.0,989500.0,0.05,0.51,1753.81019267,2063.60447948,989180.0,112973.65509783,5850.31549406
BTC_JPY,2020-05-23T00:00:59.427,3084593,989190.0,989500.0,0.05,0.51,1753.27499267,2065.28227948,989180.0,112963.32124461,5849.31049456
BTC_JPY,2020-05-23T00:01:03.913,3084624,989192.0,989500.0,0.05,0.20999987,1753.30499267,2065.75680806,989500.0,112948.18571922,5849.3379946999985
BTC_JPY,2020-05-23T00:01:09.207,3084684,989470.0,989500.0,0.01,0.20999987,1753.14606371,2064.84705497,989500.0,112943.27421213,5849.3359947
BTC_JPY,2020-05-23T00:01:14.857,3084746,989181.0,989489.0,0.05,0.2314,1750.86473948,2065.47865483,989489.0,112952.4723885,5849.3535947
BTC_JPY,2020-05-23T00:01:19.537,3084850,988908.0,989450.0,0.1,0.15,1747.13481762,2066.39048552,989463.0,112937.1388012,5848.4815947
BTC_JPY,2020-05-23T00:01:24.73,3084933,988912.0,989438.0,0.1,0.1,1746.33581762,2066.0564293,989463.0,112938.46980068,5848.1825947
BTC_JPY,2020-05-23T00:01:29.913,3085066,988600.0,989390.0,0.5069,0.05,1752.30106787,2067.88977109,988610.0,112940.92804288,5848.2175947
BTC_JPY,2020-05-23T00:01:34.303,3085174,988711.0,989499.0,0.2582,0.2139,1748.22774417,2068.64997358,988610.0,112943.21227375,5847.7175947
BTC_JPY,2020-05-23T00:01:39.227,3085283,988765.0,989499.0,0.2579,0.2139,1747.64006787,2068.92277358,988610.0,112925.85438077,5847.7175947
BTC_JPY,2020-05-23T00:01:44.65,3085398,988774.0,989451.0,0.3545,0.5069,1747.60266787,2069.47757358,988610.0,112911.54245905,5847.6975937
BTC_JPY,2020-05-23T00:01:49.9,3085519,988786.0,989450.0,0.1,0.5069,1747.03626787,2069.22457358,988610.0,112911.0002302,5847.6965937
BTC_JPY,2020-05-23T00:01:53.89,3085606,988790.0,989402.0,0.3547,0.5069,1747.23886787,2069.62557358,988610.0,112905.3375718,5847.1955937
BTC_JPY,2020-05-23T00:01:59.403,3085727,988800.0,989487.0,0.05,0.1,1747.87955722,2069.30573358,989475.0,112905.26505235,5847.3745937
BTC_JPY,2020-05-23T00:02:04.627,3085833,988800.0,989450.0,0.05,0.3428,1748.77242396,2065.06228968,989475.0,112906.24509792,5847.3745937
BTC_JPY,2020-05-23T00:02:09.397,3085996,988960.0,989447.0,0.32,0.31,1750.73792394,2065.8351451,989475.0,112875.67040612,5842.39108807
BTC_JPY,2020-05-23T00:02:14.15,3086132,988971.0,989500.0,0.2998,0.20999987,1751.19486351,2066.82934511,989475.0,112864.80716878,5842.22908807
BTC_JPY,2020-05-23T00:02:19.323,3086233,988983.0,989500.0,0.2,0.20999987,1751.54176351,2066.69374511,989475.0,112854.82624445,5842.22808807
BTC_JPY,2020-05-23T00:05:03.973,3088320,989051.0,989760.0,0.5,0.2,1742.51660264,2067.11987871,989140.0,112677.31124219,5828.47153974
BTC_JPY,2020-05-23T00:05:09.297,3088455,989051.0,989744.0,0.4309,0.7,1745.01260262,2067.41817871,989140.0,112678.21330242,5828.36553974
BTC_JPY,2020-05-23T00:05:14.747,3088572,988711.0,989727.0,0.32,0.5,1744.26570262,2068.15817871,989140.0,112697.20478183,5828.36353974
BTC_JPY,2020-05-23T00:05:19.463,3088683,988749.0,989713.0,0.1288,0.5,1746.06750262,2069.02217871,989140.0,112673.65958143,5828.36353974
BTC_JPY,2020-05-23T00:05:24.763,3088782,988724.0,989697.0,0.35,0.5,1747.45650262,2069.26217871,989140.0,112680.8630494,5827.23889638
BTC_JPY,2020-05-23T00:05:29.013,3088861,988725.0,989683.0,0.35,0.5,1745.26250262,2069.44017871,989140.0,112666.23562436,5825.20630276
BTC_JPY,2020-05-23T00:05:34.31,3088949,988738.0,989667.0,0.09,0.31,1747.59950262,2070.83017871,989140.0,112660.08303749,5824.69618176
BTC_JPY,2020-05-23T00:05:39.817,3089046,988737.0,989652.0,0.09,0.15,1747.32100263,2069.94017871,989140.0,112649.75896288,5824.69618176
BTC_JPY,2020-05-23T00:05:44.253,3089131,988713.0,989638.0,0.414,0.31,1746.90800263,2069.11337871,989008.0,112650.70030645,5825.06607577
BTC_JPY,2020-05-23T00:05:49.023,3089248,989475.0,989629.0,0.001,0.05,1746.98360263,2070.66387872,989008.0,112651.15112376,5825.05348215
BTC_JPY,2020-05-23T00:05:54.26,3089314,988934.0,989140.0,0.223,0.498,1747.31290263,2065.18141273,988934.0,112652.85505263,5825.14348215
BTC_JPY,2020-05-23T00:05:58.97,3089337,988934.0,989140.0,0.223,0.498,1746.78890263,2064.50441273,988934.0,112651.04786709,5824.78948215
BTC_JPY,2020-05-23T00:06:04.067,3089356,988934.0,989140.0,0.223,0.498,1746.54060263,2064.52310273,988934.0,112643.91703131,5818.41323923
BTC_JPY,2020-05-23T00:06:09.213,3089382,988934.0,989140.0,0.223,0.498,1746.13960265,2065.65930273,988934.0,112641.70192707,5818.40323823
BTC_JPY,2020-05-23T00:06:14.94,3089443,988896.0,989140.0,0.32,0.498,1750.28663691,2065.44626724,988934.0,112644.44693617,5818.58323823
BTC_JPY,2020-05-23T00:06:19.093,3089502,988897.0,989140.0,0.4913,0.498,1745.64493691,2067.56033701,988934.0,112651.26284964,5818.56323823
BTC_JPY,2020-05-23T00:06:24.74,3089544,988689.0,989140.0,0.4913,0.498,1745.76265398,2067.56033701,988934.0,112645.59153358,5818.56223823
BTC_JPY,2020-05-23T00:06:29.553,3089627,988719.0,989140.0,0.05,0.498,1746.01635398,2067.59033701,988934.0,112647.51753358,5818.56123823
BTC_JPY,2020-05-23T00:06:34.937,3089693,988758.0,989140.0,0.35,0.498,1745.94345398,2067.56033701,988934.0,112616.62654175,5818.54123823
BTC_JPY,2020-05-23T00:06:39.89,3089772,988884.0,989140.0,0.32,0.498,1746.38635398,2066.16633701,988934.0,112610.96555986,5818.52578023
BTC_JPY,2020-05-23T00:06:44.187,3089817,988936.0,989140.0,0.05,0.498,1745.45078421,2066.27633701,988934.0,112608.19004836,5818.32578023
BTC_JPY,2020-05-23T00:06:49.587,3089868,988761.0,989140.0,0.5,0.498,1746.81635398,2066.18433701,988934.0,112605.31658542,5818.22578023
BTC_JPY,2020-05-23T00:06:54.54,3089907,988787.0,989140.0,0.05,0.498,1745.12935398,2066.18433701,988934.0,112608.59308192,5818.19477723
BTC_JPY,2020-05-23T00:06:59.61,3089990,989082.0,989800.0,0.4963,0.2421,1743.78265398,2064.47823701,989140.0,112618.36223252,5818.5814661
BTC_JPY,2020-05-23T00:07:04.287,3090114,988890.0,989799.0,0.09,0.167966,1745.82535398,2065.58660301,989140.0,112618.83670387,5818.52218023
BTC_JPY,2020-05-23T00:07:09.23,3090228,988913.0,989779.0,0.4963,0.233,1746.57165398,2067.47040301,989140.0,112621.55978358,5818.52218023
BTC_JPY,2020-05-23T00:07:14.123,3090351,988941.0,989767.0,0.5963,0.2345,1745.192654,2067.52090301,989140.0,112628.49075261,5818.52218023
BTC_JPY,2020-05-23T00:07:19.197,3090506,989193.0,989800.0,0.4963,0.0085,1746.02075276,2065.04808904,989140.0,112632.16665636,5817.82218023
BTC_JPY,2020-05-23T00:10:04.023,3092643,989511.0,990000.0,0.5235,17.99034055,1743.57137659,2055.17284126,990000.0,112349.08247352,5805.26921384
BTC_JPY,2020-05-23T00:10:09.233,3092762,989838.0,990000.0,0.2,15.62228754,1744.13397659,2052.42308081,990000.0,112355.54653792,5807.40726685
BTC_JPY,2020-05-23T00:10:13.857,3092807,989854.0,990000.0,0.05,15.62228754,1743.75397659,2052.42308081,990000.0,112357.8703151,5805.19024385
BTC_JPY,2020-05-23T00:10:18.993,3092862,989862.0,990000.0,0.05,15.08228754,1743.80867659,2051.47808081,990000.0,112354.60937809,5805.72024385
BTC_JPY,2020-05-23T00:10:23.877,3092912,989634.0,989999.0,0.30000013,0.3341,1742.30728403,2052.80068081,990000.0,112340.85702039,5806.23024385
BTC_JPY,2020-05-23T00:10:29.89,3093027,989918.0,990000.0,0.2,11.69240126,1744.71101333,2048.26029453,990000.0,112354.32475080002,5809.40553013
BTC_JPY,2020-05-23T00:10:34.947,3093070,989918.0,990000.0,0.05,11.03240126,1745.80092966,2048.74701607,990000.0,112344.97805928,5810.05853013
BTC_JPY,2020-05-23T00:10:39.063,3093126,989925.0,990000.0,0.15,10.53240126,1745.57503709,2049.05762351,990000.0,112342.74774851,5810.55853013
BTC_JPY,2020-05-23T00:10:43.963,3093170,989930.0,990000.0,0.05,10.03240126,1746.55822965,2049.72201607,990000.0,112338.52396716,5810.42552713
BTC_JPY,2020-05-23T00:10:49.287,3093185,989999.0,990000.0,0.06,10.03240126,1746.56822965,2049.72201607,990000.0,112333.57581575,5810.41552713
BTC_JPY,2020-05-23T00:10:54.35,3093202,989999.0,990000.0,0.06,10.02240126,1746.64122965,2049.71201607,990000.0,112318.14472491,5809.37452713
BTC_JPY,2020-05-23T00:10:59.543,3093223,989999.0,990000.0,0.06,10.02240126,1746.02122952,2049.09301594,990000.0,112306.16738299,5809.36452713
BTC_JPY,2020-05-23T00:11:04.463,3093267,989999.0,990000.0,0.06,8.22240048,1746.12322965,2047.80920529,990000.0,112282.51732688,5810.83452791
BTC_JPY,2020-05-23T00:11:09.157,3093290,989999.0,990000.0,0.058,8.22240048,1745.60722965,2047.43920529,989999.0,112264.53920566,5810.21052791
BTC_JPY,2020-05-23T00:11:13.84,3093318,989999.0,990000.0,0.208,8.22240048,1746.40442982,2046.43920529,989999.0,112247.28079901,5806.17003591
BTC_JPY,2020-05-23T00:11:19.283,3093349,989999.0,990000.0,0.058,9.22240048,1746.13622982,2047.13920516,989999.0,112242.15652076,5806.17003591
BTC_JPY,2020-05-23T00:11:23.057,3093372,989999.0,990000.0,0.058,9.22240048,1746.12232982,2047.43920529,989999.0,112236.77209975,5806.07003591
BTC_JPY,2020-05-23T00:11:28.263,3093393,989999.0,990000.0,0.008,9.22240048,1744.60873037,2047.53220529,989999.0,112233.3617425,5804.97432624
BTC_JPY,2020-05-23T00:11:34.44,3093440,989999.0,990000.0,0.008,9.22240048,1744.71973037,2046.53420546,989999.0,112229.22517504,5803.65981764
BTC_JPY,2020-05-23T00:11:39.417,3093455,989999.0,990000.0,0.018000000000000002,9.22240048,1746.05463037,2048.78520546,989999.0,112223.50321735,5803.65981764
BTC_JPY,2020-05-23T00:11:44.99,3093486,989768.0,990000.0,0.05,9.22240048,1746.60673037,2050.78820546,989999.0,112220.05524509,5803.22781764
BTC_JPY,2020-05-23T00:11:49.223,3093513,989770.0,990000.0,0.15,9.22240048,1746.25363037,2046.54820546,989999.0,112192.26088577,5803.20281714
BTC_JPY,2020-05-23T00:11:54.087,3093574,989781.0,990000.0,0.05,9.22240048,1746.87473037,2046.55810546,989999.0,112189.32524362,5803.12281714
BTC_JPY,2020-05-23T00:11:58.88,3093627,989999.0,990000.0,1.25,9.02240048,1747.36363037,2047.88810546,990000.0,112183.53001239998,5802.76981715
BTC_JPY,2020-05-23T00:12:03.987,3093653,989999.0,990000.0,1.25,7.92240022,1746.95583037,2046.7941452,990000.0,112156.10911414,5803.56981741
BTC_JPY,2020-05-23T00:12:09.49,3093678,989999.0,990000.0,0.25,7.92240022,1746.4101302,2045.9441452,990000.0,112145.79724779,5802.06631742
BTC_JPY,2020-05-23T00:12:14.75,3093772,989999.0,990000.0,0.32,6.05313561,1747.9255302,2043.70948773,990000.0,112129.49665555,5803.16658204
BTC_JPY,2020-05-23T00:12:19.103,3093838,989999.0,990000.0,0.2,4.45313535,1746.13973019,2042.55869016,990000.0,112117.76081961,5804.7665823
BTC_JPY,2020-05-23T00:15:04.33,3096935,990413.0,990999.0,0.2,0.2,1756.73704219,2037.64701521,990720.0,111610.53197135,5751.10340376
BTC_JPY,2020-05-23T00:15:09.073,3096995,990390.0,990999.0,0.5775,0.2,1757.25254219,2037.66531521,990720.0,111603.52540768,5751.10340376
BTC_JPY,2020-05-23T00:15:14.737,3097106,991001.0,991167.0,0.1652267,0.04550002,1759.71079566,2030.40633718,991167.0,111610.41112506,5753.98881929
BTC_JPY,2020-05-23T00:15:19.377,3097167,991002.0,991222.0,0.5722,0.3009,1759.04407742,2033.29883716,991187.0,111605.47475443,5753.90431931
BTC_JPY,2020-05-23T00:15:24.633,3097250,991010.0,991222.0,0.25,0.00089987,1759.84187742,2034.73427137,991222.0,111608.90889082,5755.20431944
BTC_JPY,2020-05-23T00:15:29.373,3097337,991027.0,991380.0,0.6379,0.001,1760.29658045,2034.19583638,991222.0,111614.36438524,5755.19521931
BTC_JPY,2020-05-23T00:15:34.533,3097454,991410.0,991426.0,0.18460937,0.001,1761.78840312,2033.62063638,991380.0,111614.14957457,5755.19621931
BTC_JPY,2020-05-23T00:15:37.73,3097517,991411.0,991450.0,0.35000013,0.40099974,1759.56002932,2029.49016342,991450.0,111619.98830304,5755.79621957
BTC_JPY,2020-05-23T00:15:44.74,3097600,991275.0,991500.0,0.1,0.01,1760.01791458,2031.34377693,991370.0,111628.14185729,5757.0749197
BTC_JPY,2020-05-23T00:15:49.823,3097634,991276.0,991500.0,0.05,0.01,1761.35231458,2030.44637693,991370.0,111634.48246578,5757.0739196999975
BTC_JPY,2020-05-23T00:15:54.64,3097774,991750.0,992000.0,0.05,0.49150155,1763.48638096,2025.32428661,991749.0,111652.42904883,5758.29957818
BTC_JPY,2020-05-23T00:15:59.853,3097858,991583.0,991795.0,0.617,0.05579,1763.97441675,2028.4301684999998,991581.0,111678.35268861,5757.68951618
BTC_JPY,2020-05-23T00:16:04.347,3098028,991014.0,991206.0,0.05,0.0106,1756.32806131,2034.72900513,990723.0,111695.63524567,5763.15682574
BTC_JPY,2020-05-23T00:16:09.503,3098162,990816.0,991252.0,0.2,0.31,1760.39135961,2033.6536019,991433.0,111722.86856513,5761.69942575
BTC_JPY,2020-05-23T00:16:14.243,3098327,991575.0,991999.0,0.1,0.13744402,1762.14332483,2028.50929601,991999.0,111730.00343573,5763.65777186
BTC_JPY,2020-05-23T00:16:19.417,3098448,991582.0,991795.0,0.05,0.05546,1760.36725117,2014.38603524,991579.0,111734.95463228,5763.74182939
BTC_JPY,2020-05-23T00:16:24.603,3098553,991342.0,991795.0,0.6591,0.053720000000000004,1763.00735318,2014.93600109,992000.0,111739.55999029,5763.89589141
BTC_JPY,2020-05-23T00:16:29.16,3098649,991350.0,991795.0,0.15,0.03372,1763.46852431,2014.76393742,991795.0,111738.60590604,5759.29558005
BTC_JPY,2020-05-23T00:16:34.9,3098744,991363.0,991795.0,0.5691,0.01672,1763.99943822,2017.95697133,991795.0,111684.93769783,5759.29258005
BTC_JPY,2020-05-23T00:16:39.463,3098843,991567.0,991795.0,0.1,0.00672,1763.25077822,2016.26997133,991795.0,111667.03894049,5754.62985078
BTC_JPY,2020-05-23T00:16:44.487,3098939,991357.0,991795.0,0.574,0.10672000000000001,1761.69569809,2018.04157132,991795.0,111664.09874959,5752.93991179
BTC_JPY,2020-05-23T00:16:50.013,3099082,990509.0,991119.0,0.11627726,0.5626,1755.51041031,2014.87007042,990509.0,111696.60657612,5752.64774711
BTC_JPY,2020-05-23T00:16:54.69,3099182,990502.0,991124.0,0.05,0.47249999,1757.46216594,2015.43816084,990509.0,111673.77350956,5753.05111837
BTC_JPY,2020-05-23T00:16:59.47,3099261,990507.0,991123.0,0.6654,0.2909,1759.15296594,2016.76206084,990500.0,111670.79576273,5754.12311837
BTC_JPY,2020-05-23T00:17:04.8,3099360,990663.0,991123.0,0.044147000000000006,0.3177,1758.81511294,2015.66886084,990663.0,111671.25571819999,5753.40385386
BTC_JPY,2020-05-23T00:17:08.95,3099396,990663.0,991120.0,0.05,0.1,1759.82096594,2015.76236085,990663.0,111669.64278204,5753.40385386
BTC_JPY,2020-05-23T00:17:14.6,3099477,990539.0,991122.0,0.05,0.1086,1758.41296594,2015.10886085,990663.0,111665.32079871,5751.13723831
BTC_JPY,2020-05-23T00:17:19.753,3099551,990543.0,991123.0,0.05,0.1,1757.89834039,2015.6269353,990663.0,111661.26765972,5751.08723331
BTC_JPY,2020-05-23T00:20:04.187,3102345,990715.0,991170.0,0.6459,1.12,1761.99742134,2034.75973167,990719.0,111522.26444255,5740.07775694
BTC_JPY,2020-05-23T00:20:09.407,3102431,990804.0,991170.0,0.5459,1.12,1764.33542121,2034.75973167,990719.0,111516.64726994,5739.49576741
BTC_JPY,2020-05-23T00:20:14.897,3102540,990818.0,991187.0,0.5459,0.1,1764.43642134,2034.03153167,990719.0,111501.52445776,5738.27737688
BTC_JPY,2020-05-23T00:20:19.987,3102637,990830.0,991187.0,0.1,0.1,1764.04052134,2033.64089215,990719.0,111494.97194126,5737.94737388
BTC_JPY,2020-05-23T00:20:25.02,3102744,990842.0,991187.0,0.1,0.1,1761.88542134,2033.94389215,990719.0,111482.94297683,5737.67737688
BTC_JPY,2020-05-23T00:20:29.39,3102800,991000.0,991187.0,0.15,0.1,1761.45952134,2036.39176215,990719.0,111461.51981996,5737.66737588
BTC_JPY,2020-05-23T00:20:34.77,3102864,991008.0,991187.0,0.1,0.1,1761.45952134,2036.40176215,990719.0,111451.54291678,5736.64970485
BTC_JPY,2020-05-23T00:20:39.503,3102924,990713.0,991186.0,0.32,0.5459,1759.86551795,2031.15476215,991000.0,111448.74892263,5736.56990407
BTC_JPY,2020-05-23T00:20:44.623,3103038,990586.0,991184.0,0.5385,0.31,1761.85801896,2033.27908887,991000.0,111446.54452334,5736.56990407
BTC_JPY,2020-05-23T00:20:49.047,3103144,990607.0,991346.0,0.5385,0.3862,1762.76480238,2036.12731555,991187.0,111440.04904221,5736.62290407
BTC_JPY,2020-05-23T00:20:54.567,3103299,990555.0,991334.0,0.21,0.3875,1761.6176714,2034.57378458,991187.0,111434.44239183,5736.60290407
BTC_JPY,2020-05-23T00:20:59.903,3103447,990576.0,991199.0,0.5385,0.1,1763.1576714000007,2035.17548458,991187.0,111432.64047154,5736.60290407
BTC_JPY,2020-05-23T00:21:04.207,3103527,991200.0,991440.0,0.1,0.2,1764.8991714,2034.72328458,991199.0,111426.18119332,5736.70290407
BTC_JPY,2020-05-23T00:21:09.18,3103617,991200.0,991440.0,0.1,0.05,1765.30920941,2034.1557826,991199.0,111411.80517835,5736.30728319
BTC_JPY,2020-05-23T00:21:14.497,3103712,990814.0,991445.0,0.5351,0.05,1765.41920941,2033.5440826,991199.0,111402.22827835,5735.29728319
BTC_JPY,2020-05-23T00:21:19.727,3103817,990827.0,991447.0,0.5351,0.30000013,1765.35880942,2033.4883826,991199.0,111393.25305572,5732.69715066
BTC_JPY,2020-05-23T00:21:24.4,3103913,990859.0,991447.0,0.5351,0.30000013,1764.97890942,2033.5215826,991199.0,111388.92789731,5731.01715066
BTC_JPY,2020-05-23T00:21:28.94,3104063,991072.0,991795.0,0.21,0.04769,1764.80206969,2030.0640928,991717.0,111403.86556946,5731.17715066
BTC_JPY,2020-05-23T00:21:34.307,3104203,991473.0,991795.0,0.6924,0.04769,1764.8421215,2029.0632928,991560.0,111404.09474657,5731.97715066
BTC_JPY,2020-05-23T00:21:38.95,3104293,991501.0,991795.0,0.1,0.04769,1763.2553415,2032.54619293,991560.0,111397.83114305,5731.97715066
BTC_JPY,2020-05-23T00:21:45.097,3104411,991494.0,991795.0,0.1,0.04769,1764.64295138,2030.17469293,991560.0,111398.94167736,5730.35715066
BTC_JPY,2020-05-23T00:21:49.66,3104542,991591.0,991795.0,0.1,0.0539,1764.61336223,2030.09864971,991527.0,111397.21824918,5728.76136029
BTC_JPY,2020-05-23T00:21:54.5,3104656,991092.0,991747.0,0.21,0.5298,1741.08389214,2032.63001596,991081.0,111413.70000255,5727.72236029
BTC_JPY,2020-05-23T00:21:59.77,3104784,991134.0,991747.0,0.6798,0.5514,1743.47469214,2033.60761596,991081.0,111412.90892265,5727.42836029
BTC_JPY,2020-05-23T00:22:05.07,3104930,991164.0,991795.0,0.15,0.0539,1745.56943212,2032.36134996,991081.0,111418.83810227,5727.42836029
BTC_JPY,2020-05-23T00:22:09.323,3105018,991208.0,991795.0,0.5298,0.0149,1747.65914657,2032.88842101,991795.0,111425.02595381,5727.46736029
BTC_JPY,2020-05-23T00:22:14.377,3105077,991260.0,991795.0,0.5298,0.0149,1746.82282657,2032.66242101,991795.0,111430.42886937,5727.46736029
BTC_JPY,2020-05-23T00:22:19.74,3105184,991135.0,991795.0,0.16409504,0.0149,1745.03268836,2033.39110279,991795.0,111430.21202082,5727.36736029
BTC_JPY,2020-05-23T00:25:03.91,3108097,993743.0,994147.0,0.4799,0.2,1758.02465998,2028.05763331,994000.0,111532.25603146,5736.20572463
BTC_JPY,2020-05-23T00:25:09.507,3108194,993806.0,994148.0,0.05,0.27609999,1759.21766723,2026.97218159,994148.0,111530.25394964,5736.61052463
BTC_JPY,2020-05-23T00:25:13.493,3108246,993807.0,994148.0,0.2,0.25509999,1761.08019794,2027.56007991,994148.0,111536.18905023,5736.63152463
BTC_JPY,2020-05-23T00:25:19.393,3108388,993805.0,994148.0,0.02,0.03509999,1761.38307361,2028.43771193,994148.0,111557.69402279999,5736.90152463
BTC_JPY,2020-05-23T00:25:23.937,3108504,994167.0,994449.0,0.15,0.05,1764.6466476,2020.46330535,994240.0,111571.12027424,5739.07679462
BTC_JPY,2020-05-23T00:25:29.87,3108689,994693.0,995240.0,0.15,2.194,1762.09096935,2022.56624328,995240.0,111585.54154343,5741.89277462
BTC_JPY,2020-05-23T00:25:34.36,3108832,994732.0,995239.0,0.4665,0.1,1762.14615449,2022.86649907,994530.0,111593.77606630001,5742.73677462
BTC_JPY,2020-05-23T00:25:39.21,3108941,994983.0,995239.0,0.32,0.1,1761.56696171,2021.44385517,994758.0,111615.18974130001,5743.76677462
BTC_JPY,2020-05-23T00:25:44.167,3109048,995132.0,995240.0,0.32,0.99173284,1761.31296937,2022.36659836,995240.0,111626.98323256,5745.06804178
BTC_JPY,2020-05-23T00:25:49.343,3109262,995860.0,996000.0,0.05,0.00070609,1764.16824513,2013.28395954,996000.0,111644.57978091,5751.04477462
BTC_JPY,2020-05-23T00:25:54.563,3109401,995537.0,996000.0,0.05,0.00070609,1763.86384513,2015.30903504,995525.0,111663.87886255,5751.15477462
BTC_JPY,2020-05-23T00:25:59.007,3109563,995091.0,995984.0,0.4974,0.32,1762.22514174,2018.26401995,995525.0,111681.20526723,5754.34577462
BTC_JPY,2020-05-23T00:26:04.463,3109747,994733.0,994804.0,0.05,0.002,1758.22956356,2019.61614986,994734.0,111703.4988659,5756.47487445
BTC_JPY,2020-05-23T00:26:09.5,3109976,995739.0,996293.0,0.1,0.1,1762.5338459000006,2014.65415782,996073.0,111709.85778957,5758.25398464
BTC_JPY,2020-05-23T00:26:15.33,3110177,995767.0,996073.0,0.4816,0.3099,1766.69452558,2016.14585995,995767.0,111740.37361301,5758.48033695
BTC_JPY,2020-05-23T00:26:18.997,3110293,996095.0,996449.0,0.1,0.0012,1772.53112558,2016.34813145,996073.0,111753.51959505,5758.62764821
BTC_JPY,2020-05-23T00:26:24.91,3110470,996340.0,996738.0,0.2,0.015,1761.31902545,2013.32887437,996738.0,111774.11936409,5758.80384821
BTC_JPY,2020-05-23T00:26:29.823,3110613,996039.0,996682.0,0.4712,0.1,1761.15846288,2014.94154836,996340.0,111779.16328516,5758.54375821
BTC_JPY,2020-05-23T00:26:34.387,3110743,996091.0,996738.0,0.05,0.015,1765.04592811,2015.80110629,996340.0,111783.41511239,5758.08375922
BTC_JPY,2020-05-23T00:26:39.47,3110899,995803.0,996460.0,0.1,0.05,1758.65902799,2020.30687795,996340.0,111804.61409697,5757.97525922
BTC_JPY,2020-05-23T00:26:45.027,3111040,995855.0,996636.0,0.4712,0.297,1758.71620482,2020.60537794,996340.0,111796.64749052,5756.45017696
BTC_JPY,2020-05-23T00:26:49.217,3111177,995718.0,996025.0,0.4712,0.32,1756.49330434,2023.06057794,995719.0,111806.53208274,5756.48827795
BTC_JPY,2020-05-23T00:26:54.53,3111361,995717.0,995937.0,0.1,0.4644,1738.47415399,2024.85689907,996037.0,111824.40076803,5755.88698374
BTC_JPY,2020-05-23T00:26:59.78,3111503,995548.0,996225.0,0.1,0.08001,1742.47405147,2023.50666161,996225.0,111827.00527796,5755.58797374
BTC_JPY,2020-05-23T00:27:04.883,3111718,995239.0,996420.0,0.15,0.4585,1743.26658098,2027.77463142,995231.0,111831.84371307,5756.58797374
BTC_JPY,2020-05-23T00:27:09.023,3111870,995277.0,996045.0,0.1,0.28800000000000003,1738.9899627,2029.63373143,996413.0,111837.1900553,5756.60997374
BTC_JPY,2020-05-23T00:27:14.463,3111993,995330.0,996047.0,0.4585,0.1,1736.02320532,2033.01363424,996413.0,111843.18326081,5756.60997374
BTC_JPY,2020-05-23T00:27:19.877,3112129,995370.0,996486.0,0.5004,0.2,1734.80590532,2032.75580623,995365.0,111819.14525683,5757.59414531
BTC_JPY,2020-05-23T00:30:04.973,3115314,994066.0,994818.0,0.2151,0.47249999,1752.98664591,2034.30352236,994817.0,111943.96647978,5764.18626022
BTC_JPY,2020-05-23T00:30:09.367,3115406,994039.0,994816.0,0.05,0.1,1753.74770974,2034.41876859,994817.0,111975.49197985,5764.18626022
BTC_JPY,2020-05-23T00:30:14.323,3115572,993717.0,994405.0,0.1200421,0.05,1750.44944976,2034.29776859,994000.0,111986.6280292,5764.25113432
BTC_JPY,2020-05-23T00:30:19.823,3115745,993500.0,993956.0,0.01,0.1,1756.34856034,2037.03257222,993660.0,111991.78823257,5765.60116342
BTC_JPY,2020-05-23T00:30:24.5,3115874,993500.0,993964.0,0.01,0.5152,1756.94982639,2039.80435938,993660.0,112009.44937814,5765.40116342
BTC_JPY,2020-05-23T00:30:29.47,3116004,993504.0,994287.0,0.2257,0.5111,1757.3295564,2038.74580759,993503.0,112015.45205615,5765.45616342
BTC_JPY,2020-05-23T00:30:34.083,3116155,993607.0,994250.0,0.15,0.8,1758.44877221,2036.2020209,994248.0,112021.57188876,5765.67616242
BTC_JPY,2020-05-23T00:30:39.53,3116280,993660.0,994249.0,0.1,0.064861,1757.38708351,2036.91388203,994249.0,112023.67254379,5765.69130242
BTC_JPY,2020-05-23T00:30:44.787,3116429,993954.0,994433.0,0.594039,0.064861,1759.12942248,2031.74357304,994000.0,112032.35336891,5765.89130242
BTC_JPY,2020-05-23T00:30:49.143,3116530,993761.0,994000.0,0.1,0.01,1758.87432448,2031.44050704,994000.0,112042.0038144,5765.89130242
BTC_JPY,2020-05-23T00:30:54.907,3116644,993888.0,994433.0,0.1,0.064861,1759.60555676,2029.96968302,994249.0,112047.87637123,5767.47765642
BTC_JPY,2020-05-23T00:30:59.83,3116767,994067.0,994433.0,0.3,0.064861,1759.91515744,2031.77314626,994249.0,112059.39653507,5767.47765642
BTC_JPY,2020-05-23T00:31:04.383,3116896,994476.0,994817.0,0.1,2.6,1762.68748543,2027.75684233,994550.0,112072.06374436,5768.87143789
BTC_JPY,2020-05-23T00:31:09.34,3116993,994525.0,994817.0,0.2,1.49992149,1762.55060643,2027.63542915,994817.0,112068.8789773,5769.31509592
BTC_JPY,2020-05-23T00:31:14.21,3117091,994756.0,994817.0,0.05,0.42872148,1763.55900656,2028.09706958,994817.0,112089.10293292,5770.29620494
BTC_JPY,2020-05-23T00:31:19.753,3117153,994818.0,994977.0,0.05,0.47249999,1758.83703545,2024.36894466,994817.0,112086.82148163,5770.74492642
BTC_JPY,2020-05-23T00:31:24.967,3117228,994978.0,995000.0,0.099,0.0116,1758.42506487,2023.31811458,994978.0,112078.09273934,5770.91792641
BTC_JPY,2020-05-23T00:31:29.953,3117390,994817.0,995000.0,0.05,0.0135,1757.87790947,2025.99257631,994977.0,112064.41343883,5770.53242294
BTC_JPY,2020-05-23T00:31:34.69,3117556,994817.0,994977.0,0.05,0.1,1758.54737972,2025.61188704,995000.0,112066.27885917,5770.52712294
BTC_JPY,2020-05-23T00:31:39.133,3117613,994977.0,995000.0,0.899,0.009000000000000001,1752.84353972,2024.7213046,994977.0,112063.12508017,5770.62812294
BTC_JPY,2020-05-23T00:31:44.807,3117679,994978.0,995565.0,0.5474,0.1,1755.92323972,2023.67332509,995576.0,112061.09663996,5770.65711294
BTC_JPY,2020-05-23T00:31:49.103,3117731,994978.0,995552.0,0.3,0.05,1755.67584072,2025.51231509,994977.0,112064.45876666,5770.66711194
BTC_JPY,2020-05-23T00:31:54.843,3117862,994978.0,995713.0,0.5331,0.05,1757.66137047,2026.15471509,995551.0,112074.83704451,5771.25810994
BTC_JPY,2020-05-23T00:31:59.667,3118044,994231.0,994999.0,0.306,0.1,1749.86687858,2030.09742244,994457.0,112101.11049019,5776.31710894
BTC_JPY,2020-05-23T00:32:04.75,3118243,994120.0,994983.0,0.1,0.15,1746.72869471,2009.17618165,994457.0,112115.41265952,5776.31710894
BTC_JPY,2020-05-23T00:32:09.487,3118340,994200.0,994976.0,0.15,0.15,1751.18961056,2031.29957645,994457.0,112123.09162432,5776.31107676
BTC_JPY,2020-05-23T00:32:14.583,3118467,994213.0,994964.0,0.4845,0.701,1747.56791044,2030.51627633,994457.0,112119.12156933,5776.25967676
BTC_JPY,2020-05-23T00:32:19.087,3118570,994201.0,994953.0,0.4842,0.05,1751.30852057,2030.94415633,994457.0,112121.48755587,5776.25967676
BTC_JPY,2020-05-23T00:35:04.62,3121822,994718.0,995000.0,0.44999999,0.1,1761.46685482,2031.61638618,994406.0,111537.51371416,5729.80770474
BTC_JPY,2020-05-23T00:35:09.567,3121872,994718.0,995000.0,0.44999999,0.1,1763.55194651,2033.68148618,994406.0,111527.98962969,5729.80770474
BTC_JPY,2020-05-23T00:35:14.48,3121909,994718.0,995000.0,0.44999999,0.1,1765.53194651,2034.02488618,994406.0,111519.04957962,5728.00770474
BTC_JPY,2020-05-23T00:35:18.997,3121968,994718.0,994995.0,0.33557506,0.15,1758.6375902,2030.7434156,994718.0,111509.89435326,5726.05221374
BTC_JPY,2020-05-23T00:35:24.88,3122076,994685.0,994983.0,0.39894229,0.05,1756.51655958,2030.80995341,994685.0,111488.21740837,5725.91776243
BTC_JPY,2020-05-23T00:35:29.08,3122139,994685.0,994975.0,0.39894229,0.1556,1758.51655958,2032.59355341,994685.0,111463.40476633,5724.91783644
BTC_JPY,2020-05-23T00:35:34.74,3122185,994685.0,994971.0,0.24494229,0.05,1761.92255959,2034.96965341,994685.0,111446.57525655,5724.82654644
BTC_JPY,2020-05-23T00:35:38.747,3122225,994685.0,994966.0,0.24494229,0.15,1759.87255959,2034.86705341,994967.0,111438.47050777,5724.52354644
BTC_JPY,2020-05-23T00:35:44.823,3122282,994685.0,994776.0,0.24494229,0.05,1756.91325961,2034.94425341,994777.0,111417.47058383,5724.42993644
BTC_JPY,2020-05-23T00:35:49.967,3122313,994685.0,994776.0,0.04496229,0.34800013,1757.04137961,2036.06905341,994776.0,111404.8285842,5723.1746298
BTC_JPY,2020-05-23T00:35:53.387,3122327,994685.0,994776.0,0.04496229,0.34700013,1757.03037961,2032.46805341,994776.0,111399.73767974,5722.6356298
BTC_JPY,2020-05-23T00:35:59.39,3122349,994685.0,994776.0,0.04496229,0.34500013,1757.03037961,2034.34805341,994776.0,111376.70300929,5719.92462968
BTC_JPY,2020-05-23T00:36:04.207,3122383,994025.0,994685.0,0.5093,0.01,1756.83760732,2034.69695341,994685.0,111364.4052324,5719.92059197
BTC_JPY,2020-05-23T00:36:09.133,3122494,994036.0,994675.0,0.5093,0.2499,1757.28008147,2034.31005884,994685.0,111339.89987305,5719.46572789
BTC_JPY,2020-05-23T00:36:14.073,3122597,994048.0,994663.0,0.25,0.1526,1757.33628147,2034.78595884,994685.0,111311.33169045,5719.40723289
BTC_JPY,2020-05-23T00:36:19.33,3122706,994025.0,994681.0,0.8093,0.1,1754.98967823,2032.44954044,994685.0,111303.73893076,5719.26803581
BTC_JPY,2020-05-23T00:36:24.743,3122860,994474.0,994828.0,0.1,0.001,1756.54217823,2032.36588871,994685.0,111309.28421644,5719.35803581
BTC_JPY,2020-05-23T00:36:29.833,3122953,994448.0,994828.0,0.62070013,0.001,1755.71817823,2033.16198884,994685.0,111295.45047218,5714.70803581
BTC_JPY,2020-05-23T00:36:35.01,3123003,994472.0,994828.0,0.1,0.001,1756.43737823,2033.18398884,994685.0,111281.25081731,5714.67603581
BTC_JPY,2020-05-23T00:36:39.5,3123054,994485.0,994828.0,0.1,0.001,1755.8574781,2033.18498884,994685.0,111261.25539237,5712.34111583
BTC_JPY,2020-05-23T00:36:44.163,3123087,994448.0,994828.0,0.30000013,0.001,1755.87677823,2034.18498884,994685.0,111246.51734460001,5712.27011583
BTC_JPY,2020-05-23T00:36:49.527,3123168,994448.0,994828.0,0.1,0.001,1755.92767823,2037.48498884,994685.0,111235.57654244,5712.04011583
BTC_JPY,2020-05-23T00:36:54.213,3123232,994472.0,994989.0,0.1,0.05,1755.79685934,2038.03188884,994998.0,111222.55831371,5712.27811583
BTC_JPY,2020-05-23T00:36:59.73,3123338,994448.0,994996.0,0.5028,0.3316,1755.07715936,2040.70814503,994458.0,111216.95564435,5712.78811583
BTC_JPY,2020-05-23T00:37:04.453,3123413,994685.0,994998.0,0.009000000000000001,0.3302,1755.22057935,2040.70674503,994458.0,111205.61366824,5712.78811583
BTC_JPY,2020-05-23T00:37:09.5,3123528,994185.0,994972.0,0.02,0.3292,1755.19057936,2037.85128503,994685.0,111199.04179213,5712.79711583
BTC_JPY,2020-05-23T00:37:14.307,3123638,994185.0,994781.0,0.02,0.306,1755.10297936,2039.57508503,994458.0,111189.68209314,5712.64711583
BTC_JPY,2020-05-23T00:37:19.243,3123701,994188.0,994922.0,0.5028,0.05,1755.63337936,2039.62308503,994458.0,111179.82663001,5710.73786584
BTC_JPY,2020-05-23T00:40:04.057,3126919,995003.0,995400.0,0.4992,0.951,1759.07730901,2026.20335621,995400.0,110797.59708919,5693.89000822
BTC_JPY,2020-05-23T00:40:08.923,3127020,995142.0,995400.0,0.5028,0.5201,1759.92033127,2025.4085529,995400.0,110795.72631593,5688.59790822
BTC_JPY,2020-05-23T00:40:14.723,3127128,994777.0,995400.0,0.5,0.5201,1756.13726575,2029.27619546,995141.0,110795.76649618,5688.65190835
BTC_JPY,2020-05-23T00:40:19.89,3127218,994778.0,995400.0,0.15,0.4601,1754.28781275,2028.21319546,995400.0,110788.44967582,5687.61590835
BTC_JPY,2020-05-23T00:40:24.05,3127265,994783.0,995421.0,0.1,0.4999,1754.92681275,2027.71499546,995400.0,110759.99116516,5687.61590835
BTC_JPY,2020-05-23T00:40:29.143,3127367,994791.0,995449.0,0.1,0.1,1756.60761287,2027.6691529,995400.0,110760.61312842,5687.61590835
BTC_JPY,2020-05-23T00:40:35.03,3127467,995178.0,995449.0,0.25,0.09,1755.21444041,2027.3989529,995449.0,110762.12284764,5687.00590822
BTC_JPY,2020-05-23T00:40:39.697,3127499,995181.0,995300.0,0.05,0.998,1758.35044041,2026.3660529,995300.0,110761.69729764,5687.00790822
BTC_JPY,2020-05-23T00:40:44.433,3127546,995178.0,995300.0,0.05,0.997,1756.52191695,2026.56506933,995300.0,110763.88048408,5687.00890822
BTC_JPY,2020-05-23T00:40:48.963,3127641,994879.0,995300.0,0.05,0.997,1756.14251695,2026.76516933,994877.0,110762.42055362,5686.97890822
BTC_JPY,2020-05-23T00:40:54.32,3127726,994886.0,995300.0,0.15,0.997,1756.32731696,2022.69616933,994877.0,110756.92396933,5686.60890822
BTC_JPY,2020-05-23T00:40:59.993,3127799,995008.0,995300.0,0.15,0.997,1756.44531696,2021.50275216,994877.0,110755.00047804,5686.59890822
BTC_JPY,2020-05-23T00:41:04.29,3127829,995008.0,995300.0,0.05,0.997,1756.25078648,2022.69623885,994877.0,110755.39954949998,5686.54890822
BTC_JPY,2020-05-23T00:41:09.243,3127865,995000.0,995300.0,1.86,0.997,1759.17463647,2022.19533885,995000.0,110752.8829264,5685.64890822
BTC_JPY,2020-05-23T00:41:14.27,3127888,995000.0,995300.0,1.86,0.997,1758.56094979,2021.19533885,995000.0,110749.69516538,5685.53901421
BTC_JPY,2020-05-23T00:41:19.12,3127918,995000.0,995300.0,1.86,0.997,1758.78971626,2027.13631863,995000.0,110751.58827062,5685.53901421
BTC_JPY,2020-05-23T00:41:24.367,3127940,995002.0,995167.0,0.05,0.1,1759.71211626,2026.60631863,995000.0,110749.72871445,5685.53901421
BTC_JPY,2020-05-23T00:41:28.897,3127988,994877.0,994946.0,0.44,0.0989425,1751.96654979,2028.91370512,994946.0,110756.79787359,5686.20103362
BTC_JPY,2020-05-23T00:41:34.953,3128083,994550.0,995138.0,0.5,0.501,1752.41023766,2028.73858283,995142.0,110757.74270533,5686.10803363
BTC_JPY,2020-05-23T00:41:39.503,3128162,994552.0,995154.0,0.05,0.501,1753.43383766,2029.2595827,995142.0,110754.98033608,5686.10803363
BTC_JPY,2020-05-23T00:41:44.53,3128204,994552.0,995117.0,0.05,0.501,1753.83963766,2030.61658283,995142.0,110748.36110414,5686.10803363
BTC_JPY,2020-05-23T00:41:48.747,3128236,994551.0,995142.0,0.1,0.501,1753.58963766,2032.07658283,995142.0,110744.43545464,5686.10803363
BTC_JPY,2020-05-23T00:41:54.127,3128280,994552.0,995140.0,0.05,0.005,1753.19003753,2030.2385827,995142.0,110737.04966476,5685.99803363
BTC_JPY,2020-05-23T00:41:59.203,3128375,994551.0,995128.0,0.1,0.4586,1752.61503766,2032.4811827,995142.0,110734.22257071,5685.93803363
BTC_JPY,2020-05-23T00:42:04.047,3128422,994551.0,995102.0,0.1,0.3082,1751.42665084,2031.08078283,995126.0,110729.33809211,5686.12803363
BTC_JPY,2020-05-23T00:42:09.567,3128476,994551.0,995088.0,0.1,0.5,1752.71660673,2029.4335419,995126.0,110730.12030671,5686.12803363
BTC_JPY,2020-05-23T00:42:14.54,3128552,994556.0,995140.0,0.5,0.005,1754.70592672,2028.11304191,995126.0,110735.79509903,5686.12803363
BTC_JPY,2020-05-23T00:42:19.98,3128648,994569.0,995140.0,0.1,0.005,1759.04492672,2027.80654191,995126.0,110735.04209038,5686.12803363
BTC_JPY,2020-05-23T00:45:04.313,3131521,993984.0,994603.0,0.5034,0.4624,1759.31891331,2035.74943065,994000.0,110672.41068814,5678.79891966
BTC_JPY,2020-05-23T00:45:09.51,3131655,993997.0,994615.0,0.1,0.001,1760.32571331,2034.82951029,994000.0,110653.00276138,5677.95159598
BTC_JPY,2020-05-23T00:45:14.803,3131760,994008.0,994615.0,0.25,0.001,1758.74431331,2035.7381103,994000.0,110658.52396433,5676.96159598
BTC_JPY,2020-05-23T00:45:19.367,3131844,994019.0,994615.0,0.5034,0.001,1759.90811331,2037.8415103,994000.0,110660.13361963,5676.95959598
BTC_JPY,2020-05-23T00:45:24.507,3131939,994032.0,994615.0,0.6034,0.001,1760.01911331,2037.8415103,994000.0,110656.79609005,5676.93959598
BTC_JPY,2020-05-23T00:45:29.133,3132043,994042.0,994592.0,0.05,0.25,1759.39251331,2033.8067103,994000.0,110656.47619789,5676.93959598
BTC_JPY,2020-05-23T00:45:34.747,3132160,994042.0,994565.0,0.1,0.3129,1759.90831331,2032.5886103,994044.0,110647.89856401,5676.94359598
BTC_JPY,2020-05-23T00:45:39.343,3132241,994046.0,994590.0,0.2,0.3128,1760.08241331,2034.1215103,994044.0,110645.81606869,5676.83359598
BTC_JPY,2020-05-23T00:45:43.313,3132353,994541.0,994591.0,0.32,0.0979,1762.4525133000002,2030.56947928,994591.0,110664.80923891,5680.58569598
BTC_JPY,2020-05-23T00:45:49.08,3132558,995276.0,995500.0,0.605,0.09,1757.54479812,2026.74458033,995276.0,110671.49621686,5681.3180736
BTC_JPY,2020-05-23T00:45:54.053,3132679,995279.0,995500.0,0.049,0.09,1755.82651874,2027.40604318,995279.0,110681.46648015,5679.96640128
BTC_JPY,2020-05-23T00:45:59.573,3132747,995276.0,995500.0,0.049,0.09,1758.22331862,2026.76384318,995276.0,110703.25276164,5676.30107361
BTC_JPY,2020-05-23T00:46:03.363,3132807,995499.0,995500.0,0.23,0.09,1760.13031923,2027.75539332,995499.0,110685.14012736,5665.775409000003
BTC_JPY,2020-05-23T00:46:09.057,3132848,995006.0,995500.0,0.5117,0.068,1760.30101923,2028.22739332,995500.0,110682.47914991,5663.83788336
BTC_JPY,2020-05-23T00:46:14.497,3132976,995500.0,995727.0,0.052000000000000005,0.1,1757.31051923,2025.18139332,995501.0,110671.42816612,5659.01990066
BTC_JPY,2020-05-23T00:46:19.483,3133055,995500.0,995727.0,0.05,0.1,1756.38573234,2025.47755653,995500.0,110651.51120015,5651.89158789
BTC_JPY,2020-05-23T00:46:24.253,3133138,994866.0,995400.0,0.5,0.001,1752.56914777,2025.42587201,995357.0,110659.17332505,5650.79160289
BTC_JPY,2020-05-23T00:46:29.643,3133251,994905.0,995400.0,0.25,0.001,1755.47901569,2024.4038954999999,995357.0,110652.53925736,5650.73754337
BTC_JPY,2020-05-23T00:46:34.09,3133380,995212.0,995738.0,0.608,0.1,1760.05705063,2023.39230395,995196.0,110649.15789759,5650.4146896
BTC_JPY,2020-05-23T00:46:38.92,3133546,995740.0,996000.0,0.3,6.40600011,1757.28108198,2022.57222173,995890.0,110664.59460668,5650.527633600002
BTC_JPY,2020-05-23T00:46:44.453,3133602,995742.0,996000.0,0.198,6.35600011,1753.76974524,2023.47922173,995742.0,110651.70090447,5650.4796336
BTC_JPY,2020-05-23T00:46:49.173,3133623,995742.0,995930.0,0.19699999999999998,1.0,1757.27042754,2026.01568734,995742.0,110652.87913703,5650.210633600002
BTC_JPY,2020-05-23T00:46:54.877,3133707,995930.0,996000.0,0.05,4.92300011,1754.60111068,2021.66462786,996000.0,110662.74819994,5651.96832522
BTC_JPY,2020-05-23T00:46:59.517,3133770,995777.0,996000.0,0.47249999,2.62099959,1758.82211082,2019.20521348,996000.0,110672.63272681,5654.15323074
BTC_JPY,2020-05-23T00:47:04.623,3133819,995785.0,996000.0,0.15,2.61999959,1757.34919697,2021.95861586,996000.0,110672.93413883,5654.15423074
BTC_JPY,2020-05-23T00:47:09.013,3133909,995765.0,995999.0,0.05,0.032,1758.30653985,2022.53561586,995999.0,110663.55307075,5650.68073076
BTC_JPY,2020-05-23T00:47:13.903,3133986,995765.0,995998.0,0.05,0.1445,1757.27803758,2023.51991589,995999.0,110651.15372925,5650.63073076
BTC_JPY,2020-05-23T00:47:19.3,3134070,995531.0,995998.0,0.15,0.142,1758.28379231,2024.34055425,995999.0,110640.08146093,5649.95213577
BTC_JPY,2020-05-23T00:50:03.423,3136465,995805.0,995854.0,0.001,0.05,1765.12811296,2004.36953506,995865.0,110402.63402625,5633.00827388
BTC_JPY,2020-05-23T00:50:09.74,3136521,995805.0,995847.0,0.001,0.15,1764.83811283,2002.72140621,995849.0,110404.11707168,5632.97957388
BTC_JPY,2020-05-23T00:50:14.713,3136563,995805.0,995845.0,0.001,1.05,1765.14711296,2002.53540621,995847.0,110399.85068507,5632.98057388
BTC_JPY,2020-05-23T00:50:18.48,3136574,995785.0,995845.0,10.50886612,0.05,1764.60711296,2003.53540621,995847.0,110396.19871248,5632.98057388
BTC_JPY,2020-05-23T00:50:24.82,3136624,995785.0,995837.0,2.91801201,1.0,1754.75184187,2005.86170607,995785.0,110405.51124157,5640.56042799
BTC_JPY,2020-05-23T00:50:29.513,3136732,995814.0,996000.0,0.099,0.25000013,1755.11742379,2000.81588937,996000.0,110415.44959731,5643.64078373
BTC_JPY,2020-05-23T00:50:34.867,3136841,995831.0,996469.0,0.6374,0.1,1758.4887557999998,2000.82723824,996099.0,110449.39610634,5644.48708013
BTC_JPY,2020-05-23T00:50:38.95,3136899,995857.0,996469.0,0.05,0.2,1758.8207558,2001.35733824,996099.0,110459.15877777,5644.40708013
BTC_JPY,2020-05-23T00:50:44.4,3136969,995923.0,996469.0,0.6374,0.2,1760.16401316,2003.72733824,996099.0,110439.35344409,5643.35708013
BTC_JPY,2020-05-23T00:50:49.483,3137053,995954.0,996468.0,0.6874,0.098869,1761.50801316,2006.62625799,996468.0,110435.87316889,5643.35934213
BTC_JPY,2020-05-23T00:50:55,3137118,995965.0,996468.0,0.15,0.098869,1760.61207316,2006.62625799,996468.0,110439.07142589,5643.35934213
BTC_JPY,2020-05-23T00:50:59.247,3137160,995913.0,996468.0,0.6374,0.098869,1760.61347316,2001.43825799,996468.0,110437.86822296,5643.34934213
BTC_JPY,2020-05-23T00:51:03.92,3137219,995915.0,996466.0,0.2924,0.6374,1760.21970006,2003.42678898,996468.0,110434.75637115,5643.34934213
BTC_JPY,2020-05-23T00:51:09.647,3137322,995928.0,996499.0,0.25,0.098869,1760.73130006,2003.86665798,996468.0,110437.45225375,5643.30731213
BTC_JPY,2020-05-23T00:51:15.037,3137407,995950.0,996499.0,0.2,0.098869,1760.40729993,2003.76881714,996468.0,110439.04059486,5643.30731213
BTC_JPY,2020-05-23T00:51:19.567,3137542,996608.0,997167.0,0.30000013,0.06999601,1761.3171891,1995.76837056,996929.0,110449.23636738,5646.38818112
BTC_JPY,2020-05-23T00:51:24.677,3137670,996930.0,997167.0,0.1,0.06999601,1759.78422745,1997.18514275,996929.0,110462.4359806,5647.30818112
BTC_JPY,2020-05-23T00:51:29.723,3137738,996931.0,997167.0,0.1,0.06999601,1759.95403908,1998.58344275,996929.0,110460.61292980002,5647.30718112
BTC_JPY,2020-05-23T00:51:34.913,3137835,996932.0,997190.0,0.3449,0.049,1763.03892588,1998.78114213,997167.0,110459.09035526,5647.37717713
BTC_JPY,2020-05-23T00:51:39.863,3137919,996933.0,997190.0,0.1,0.049,1760.53718546,1998.61825315,997167.0,110462.17924910002,5647.31717713
BTC_JPY,2020-05-23T00:51:44.163,3137963,997167.0,997190.0,0.19,0.049,1760.74218546,2000.81912979,997167.0,110476.87177672,5647.25617713
BTC_JPY,2020-05-23T00:51:49.877,3138003,997168.0,997342.0,0.30000013,0.001,1765.33569169,2001.12322602,997190.0,110468.47081442,5645.80417713
BTC_JPY,2020-05-23T00:51:54.203,3138049,997167.0,997419.0,0.47,0.005,1755.34010444,2000.88542589,997342.0,110475.60374963,5645.80517713
BTC_JPY,2020-05-23T00:51:59.137,3138087,997168.0,997419.0,0.30000013,0.005,1758.49928682,2001.01840115,997342.0,110470.12326051,5645.00517713
BTC_JPY,2020-05-23T00:52:04.28,3138129,997167.0,997523.0,4.07,0.05,1763.98025687,2000.88032571,997525.0,110482.05198734,5645.70521311
BTC_JPY,2020-05-23T00:52:09.267,3138232,997000.0,997191.0,0.5372100000000001,0.7082,1751.7494613,2001.47099672,997000.0,110500.32597519,5650.59800311
BTC_JPY,2020-05-23T00:52:14.52,3138306,997000.0,997190.0,0.5372100000000001,0.15,1751.65299162,2001.36279672,997000.0,110503.22491076,5650.59800311
BTC_JPY,2020-05-23T00:52:19.773,3138366,997000.0,997189.0,0.5372100000000001,0.05,1757.99696779,1999.98305618,997000.0,110492.45582338,5648.78394194
BTC_JPY,2020-05-23T00:55:04.547,3141111,997431.0,997827.0,0.25,0.0565,1759.34157932,2009.5851191,997828.0,110762.17869057,5644.61259268
BTC_JPY,2020-05-23T00:55:09.27,3141176,997444.0,997828.0,0.2335,5.437998,1757.28598209,2009.97861211,997444.0,110718.44913534,5643.54008269
BTC_JPY,2020-05-23T00:55:14.97,3141253,997315.0,997827.0,0.5599,0.0565,1757.57867918,2009.87200921,997420.0,110700.33638773,5641.61725341
BTC_JPY,2020-05-23T00:55:19.817,3141315,997338.0,997827.0,0.1,0.0565,1757.56706893,2010.33517896,997420.0,110696.92489575,5641.61523342
BTC_JPY,2020-05-23T00:55:24.213,3141361,997362.0,997827.0,0.1,0.0565,1757.75206893,2010.23517896,997420.0,110691.32001665,5641.61523342
BTC_JPY,2020-05-23T00:55:29.467,3141414,997362.0,997828.0,0.1,5.437998,1759.64486893,2010.17867896,997420.0,110679.38057304,5641.59523842
BTC_JPY,2020-05-23T00:55:34.587,3141473,997450.0,997820.0,0.22,0.2703,1757.01716895,2009.44897896,997450.0,110683.98075429999,5641.60523842
BTC_JPY,2020-05-23T00:55:39.973,3141550,997450.0,997782.0,0.22,0.1,1756.96399932,2009.57867405,997450.0,110683.0580108,5641.49523842
BTC_JPY,2020-05-23T00:55:44.117,3141612,997450.0,997756.0,0.23,0.05,1756.86716403,2010.51157405,997450.0,110681.74586092,5641.49523842
BTC_JPY,2020-05-23T00:55:49.397,3141668,997450.0,997751.0,0.23,0.2,1756.42316403,2010.70419335,997450.0,110682.87063237,5641.49523842
BTC_JPY,2020-05-23T00:55:54.93,3141743,997450.0,997688.0,0.22,0.32,1757.09075404,2010.70839335,997450.0,110674.20658046,5641.50423842
BTC_JPY,2020-05-23T00:55:58.873,3141810,997450.0,997681.0,0.121,0.5889,1752.47551591,2012.39139335,997450.0,110680.56617767,5641.60323842
BTC_JPY,2020-05-23T00:56:04.347,3141939,997289.0,997445.0,0.00442488,0.31,1747.96941532,2013.74339345,997289.0,110678.88147980001,5642.81981354
BTC_JPY,2020-05-23T00:56:09.743,3142067,997001.0,997255.0,0.07490251,0.32,1748.58329091,2012.54399541,997001.0,110677.71647128,5642.85475991
BTC_JPY,2020-05-23T00:56:15.233,3142142,997001.0,997244.0,0.07490251,0.2,1748.57312574,2012.62256598,997252.0,110667.88218557,5642.92791934
BTC_JPY,2020-05-23T00:56:19.377,3142193,997001.0,997233.0,0.05409551,0.31,1748.55331874,2013.90026598,997001.0,110669.34664168,5642.94872634
BTC_JPY,2020-05-23T00:56:24.253,3142235,997021.0,997224.0,0.001,0.2,1748.65331874,2012.74236599,997001.0,110664.6861812,5642.84972634
BTC_JPY,2020-05-23T00:56:28.853,3142282,997000.0,997001.0,0.71854605,0.04490449,1748.34853159,2012.90604216,997000.0,110663.04508933,5642.80518517
BTC_JPY,2020-05-23T00:56:34.017,3142322,997001.0,997148.0,2.35410051,0.15,1750.3846320999999,2013.48253754,997001.0,110667.58783307,5643.04108466
BTC_JPY,2020-05-23T00:56:39.86,3142390,997021.0,997135.0,0.001,0.15,1754.4146320999994,2014.10651837,997140.0,110667.87862258,5643.04308466
BTC_JPY,2020-05-23T00:56:44.963,3142465,996929.0,997021.0,0.55730899,0.30000013,1747.71051058,2013.61409545,996929.0,110672.94951388,5645.37823322
BTC_JPY,2020-05-23T00:56:49.337,3142517,996929.0,997017.0,0.31543318,0.2,1747.67113477,2013.45780548,997017.0,110673.77932025,5645.82010903
BTC_JPY,2020-05-23T00:56:54.727,3142614,996738.0,997004.0,0.1,0.25,1751.42033614,2014.08124003,996929.0,110673.88280622,5645.73554221
BTC_JPY,2020-05-23T00:56:59.79,3142696,996930.0,996993.0,0.14709574,0.05,1753.0369819000002,2014.22864003,996996.0,110676.66051048,5646.56944647
BTC_JPY,2020-05-23T00:57:04.173,3142753,996930.0,996982.0,0.02829762,0.2,1753.45934646,2013.27759005,996930.0,110680.86340227,5646.68824459
BTC_JPY,2020-05-23T00:57:09.193,3142836,996930.0,996967.0,0.02829762,0.2,1752.96835727,2013.31283987,996971.0,110681.45233258,5646.73824459
BTC_JPY,2020-05-23T00:57:14.903,3142914,996930.0,996952.0,0.02829762,0.15,1753.50335727,2013.64288987,996971.0,110673.86508712,5646.45824459
BTC_JPY,2020-05-23T00:57:19.873,3143011,996948.0,997150.0,0.001,0.01,1750.96190718,2010.24858878,996971.0,110693.51805795,5646.89218959
BTC_JPY,2020-05-23T01:00:04.65,3145389,996534.0,997144.0,0.05,0.04,1740.14549126,2014.19263201,997155.0,110778.93958705,5645.48690588
BTC_JPY,2020-05-23T01:00:09.893,3145478,996513.0,997093.0,0.44999999,0.1,1740.79870424,2013.70613201,997155.0,110783.63965425,5645.46690588
BTC_JPY,2020-05-23T01:00:14.47,3145565,996500.0,997146.0,0.01,0.35000013,1739.87380425,2014.23363201,997155.0,110792.59925471,5645.46690588
BTC_JPY,2020-05-23T01:00:19.937,3145668,996500.0,997083.0,0.01,0.0619,1739.24249127,2013.11803201,997106.0,110797.02386066,5646.04690588
BTC_JPY,2020-05-23T01:00:25.25,3145819,996500.0,996937.0,0.01,0.4516,1739.08141226,2013.94074003,996938.0,110815.09993622,5646.28690588
BTC_JPY,2020-05-23T01:00:29.49,3145910,996058.0,996685.0,0.10799978,0.01711,1737.17746464,2013.21832903,996058.0,110827.57482203,5647.29590609
BTC_JPY,2020-05-23T01:00:34.56,3146022,996115.0,996919.0,0.05,0.5541,1737.92114351,2012.23528401,996946.0,110831.54622429,5648.29490609
BTC_JPY,2020-05-23T01:00:39.65,3146157,996163.0,996937.0,0.1,0.2,1736.06149071,2014.45103861,996164.0,110828.87110012,5648.50790609
BTC_JPY,2020-05-23T01:00:44.293,3146265,996082.0,996923.0,0.1,0.5555,1736.17399071,2014.39953861,996164.0,110819.31251231,5647.92888296
BTC_JPY,2020-05-23T01:00:49.317,3146393,996119.0,996910.0,0.1,0.5555,1735.30881106,2014.56953861,996108.0,110814.64847505,5647.46900609
BTC_JPY,2020-05-23T01:00:54.99,3146523,996055.0,996855.0,0.5555,0.4634,1738.8968632,2015.34279594,996108.0,110816.32442625,5647.46900609
BTC_JPY,2020-05-23T01:00:59.05,3146626,996045.0,996825.0,0.5555,0.15,1740.62318059,2014.44718594,996108.0,110817.15641765,5647.45670609
BTC_JPY,2020-05-23T01:01:04.91,3146745,996045.0,996599.0,0.2215,0.05,1742.05118059,2013.14497981,996108.0,110819.60152942,5647.45670609
BTC_JPY,2020-05-23T01:01:08.967,3146791,996081.0,996599.0,0.1,0.05,1742.18468059,2014.15497994,996108.0,110816.28416882,5647.45670609
BTC_JPY,2020-05-23T01:01:14.82,3146887,996121.0,996600.0,0.2318,0.05,1742.79368058,2014.19847994,996109.0,110807.70388175,5647.73670609
BTC_JPY,2020-05-23T01:01:19.953,3146976,996044.0,996600.0,0.05999999,0.05,1742.16188058,2014.20737994,996044.0,110807.10526808,5648.22670609
BTC_JPY,2020-05-23T01:01:24.797,3147057,996164.0,996597.0,1.5,0.05,1742.47688059,2013.20117994,996044.0,110804.96142442,5648.22670609
BTC_JPY,2020-05-23T01:01:29.057,3147134,996250.0,996591.0,0.13,0.5479,1743.1528806,2013.28488594,996044.0,110803.86320753,5648.22670609
BTC_JPY,2020-05-23T01:01:34.153,3147241,996164.0,996580.0,1.5,0.695,1740.86865257,2015.54817954,996250.0,110777.84980432,5644.851705100001
BTC_JPY,2020-05-23T01:01:39.983,3147377,996164.0,996381.0,0.12148674,0.05,1739.32109837,2014.73907967,996164.0,110713.43559524,5634.17973818
BTC_JPY,2020-05-23T01:01:44.417,3147462,996164.0,996371.0,0.10848674,0.15,1741.01414532,2015.77105999,996164.0,110673.33740753,5623.70370018
BTC_JPY,2020-05-23T01:01:49.107,3147528,996164.0,996366.0,0.10848674,0.2,1741.18574519,2016.79265997,996164.0,110641.86009598,5622.00423497
BTC_JPY,2020-05-23T01:01:53.977,3147617,996164.0,996358.0,0.10848674,0.25,1738.0675584000005,2015.97878462,996164.0,110610.4806223,5619.93604204
BTC_JPY,2020-05-23T01:01:59.377,3147769,995805.0,996061.0,0.001,0.6983,1737.58174714,2017.20052215,995785.0,110595.10662708,5620.10791095
BTC_JPY,2020-05-23T01:02:04.923,3147922,995785.0,995924.0,0.1462741,0.05,1738.2742890999998,2015.88803227,995805.0,110593.61559356,5617.69845822
BTC_JPY,2020-05-23T01:02:08.713,3148012,995785.0,995876.0,0.1462741,0.5483,1736.2336891,2018.43233227,995805.0,110571.01947995,5614.12639838
BTC_JPY,2020-05-23T01:02:14.25,3148114,995500.0,995868.0,0.01,0.1,1740.64033086,2017.43403227,995785.0,110561.62782683,5614.27267248
BTC_JPY,2020-05-23T01:02:19.603,3148244,995500.0,995833.0,0.01,0.6458,1735.05024086,2017.87083214,995785.0,110534.8872223,5612.74067348
BTC_JPY,2020-05-23T01:05:04.133,3150905,995603.0,995999.0,0.001,0.15,1746.12503351,2008.55496875,995999.0,110183.66130526,5618.96633729
BTC_JPY,2020-05-23T01:05:09.133,3151035,995774.0,996381.0,0.5457,0.05,1746.43405838,2008.69643919,995776.0,110176.08763211,5617.69003729
BTC_JPY,2020-05-23T01:05:14.133,3151123,995794.0,996381.0,0.001,0.05,1749.08935297,2010.18573378,995774.0,110168.4921083,5616.90903729
BTC_JPY,2020-05-23T01:05:19.927,3151225,996001.0,996404.0,0.1,0.05,1747.58635297,2008.66713378,996381.0,110154.86239519,5615.5490373
BTC_JPY,2020-05-23T01:05:24.073,3151295,996001.0,996608.0,0.1,0.3,1751.14535298,2008.92783365,996426.0,110149.96772117,5614.5480373
BTC_JPY,2020-05-23T01:05:29.023,3151346,996021.0,996453.0,0.001,0.05,1752.59565298,2009.36380148,996426.0,110132.36345522,5613.5280393
BTC_JPY,2020-05-23T01:05:34.5,3151387,996041.0,996425.0,0.001,0.05,1752.44494636,2009.14899486,996426.0,110130.31405407,5613.5280393
BTC_JPY,2020-05-23T01:05:39.003,3151442,996041.0,996426.0,0.001,0.003,1747.12624636,2008.11030925,996041.0,110127.35611591,5613.51902228
BTC_JPY,2020-05-23T01:05:44.5,3151550,996000.0,996424.0,1.0,0.05,1747.62424636,2008.23930086,996005.0,110119.91111126,5613.65402228
BTC_JPY,2020-05-23T01:05:49.427,3151646,996025.0,996426.0,0.05,0.003,1748.07711541,2007.5108307,996005.0,110117.69591792,5613.55402228
BTC_JPY,2020-05-23T01:05:54.243,3151713,996042.0,996425.0,0.099,0.15,1746.35941385,2008.2157307,996042.0,110113.48469436,5613.55502228
BTC_JPY,2020-05-23T01:05:58.993,3151765,996062.0,996424.0,0.001,0.05,1747.37026935,2008.41612463,996042.0,110118.56998501,5613.45502228
BTC_JPY,2020-05-23T01:06:04.653,3151798,996062.0,996424.0,0.001,0.05,1746.37026935,2008.44572463,996042.0,110112.10366041,5613.25502228
BTC_JPY,2020-05-23T01:06:09.703,3151818,996042.0,996424.0,0.099,0.05,1747.36926935,2008.44572463,996042.0,110107.52610905,5613.25502228
BTC_JPY,2020-05-23T01:06:14.24,3151884,996062.0,996426.0,0.001,0.003,1746.33926922,2007.99112463,996042.0,110110.89071534,5613.24502228
BTC_JPY,2020-05-23T01:06:19.413,3151995,996100.0,996426.0,0.001,0.003,1749.19256933,2008.25542463,996042.0,110097.24920226,5613.43502228
BTC_JPY,2020-05-23T01:06:24.117,3152078,996100.0,996425.0,0.001,0.05,1748.39576933,2008.11942463,996042.0,110095.17714999,5613.42502228
BTC_JPY,2020-05-23T01:06:29.12,3152164,996080.0,996424.0,0.52,0.05,1747.94476934,2008.40455095,996042.0,110091.50535729,5613.42502228
BTC_JPY,2020-05-23T01:06:34.297,3152273,996041.0,996308.0,0.19520674,0.5571,1746.87247625,2008.8445441,996041.0,110090.75597765,5613.39981554
BTC_JPY,2020-05-23T01:06:40.05,3152353,996020.0,996285.0,0.001,0.5533,1745.42693104,2008.38849395,996000.0,110082.82697278,5613.36216074
BTC_JPY,2020-05-23T01:06:44.95,3152456,995583.0,995900.0,0.003,0.001,1742.61918927,2009.0825619000002,995999.0,110082.13181636,5614.76181554
BTC_JPY,2020-05-23T01:06:49.523,3152557,995603.0,995883.0,0.001,0.5621,1742.64618943,2010.71418011,995889.0,110093.13867411,5614.91181554
BTC_JPY,2020-05-23T01:06:54.307,3152663,995623.0,995872.0,0.001,0.2,1743.95128943,2010.73108011,995873.0,110097.47949919,5615.33181554
BTC_JPY,2020-05-23T01:06:59.59,3152817,995222.0,996086.0,0.5447,0.05,1742.88610159,2013.05328274,996000.0,110102.16330432,5617.58408231
BTC_JPY,2020-05-23T01:07:04.11,3152923,995270.0,996044.0,0.1,0.05,1742.11040159,2012.9906619000005,996000.0,110109.02531965,5617.58308231
BTC_JPY,2020-05-23T01:07:09.057,3153009,995235.0,996023.0,0.03,0.5447,1741.84040159,2013.7263619000007,996032.0,110109.74559069,5617.59308231
BTC_JPY,2020-05-23T01:07:14.447,3153143,995210.0,995823.0,0.1,0.5428,1741.39892231,2013.75928274,995873.0,110116.37962879,5617.76768231
BTC_JPY,2020-05-23T01:07:19.33,3153271,995200.0,995764.0,0.14,0.1,1745.29492244,2013.33928261,995873.0,110115.81020241,5617.76768231
BTC_JPY,2020-05-23T01:10:04.463,3156368,997107.0,997376.0,0.05,0.001,1752.1363183,2006.45174461,997105.0,110077.47954939,5608.10361481
BTC_JPY,2020-05-23T01:10:09.973,3156459,997072.0,997376.0,0.20560334,0.001,1751.28416947,2008.14091565,997105.0,110085.52143369,5608.10361481
BTC_JPY,2020-05-23T01:10:14.193,3156530,997078.0,997376.0,0.001,0.001,1752.13206625,2007.02691565,997160.0,110076.43597586,5607.51761681
BTC_JPY,2020-05-23T01:10:19.43,3156599,997081.0,997376.0,0.6970000000000001,0.001,1751.79406626,2005.37991552,997160.0,110090.58023607,5607.51761681
BTC_JPY,2020-05-23T01:10:24.62,3156678,997102.0,997376.0,0.001,0.001,1753.09755266,2006.12712768,997160.0,110070.86101505,5607.18761681
BTC_JPY,2020-05-23T01:10:29.343,3156794,997201.0,997500.0,0.15,0.00512645,1750.79054051,2005.21511899,997500.0,110065.99093423,5607.06899004
BTC_JPY,2020-05-23T01:10:34.047,3156888,997170.0,997500.0,0.30000013,0.00512645,1751.94499704,2006.08727552,997196.0,110058.1893544,5607.06999004
BTC_JPY,2020-05-23T01:10:39.707,3157010,997591.0,997614.0,0.09047689,0.001,1753.69178723,2004.86123504,997614.0,110059.60213413,5608.27051315
BTC_JPY,2020-05-23T01:10:44.273,3157142,997615.0,997949.0,0.001,0.026998,1753.6625677000006,2001.87823015,997949.0,110069.88757104,5613.87569534
BTC_JPY,2020-05-23T01:10:49.423,3157253,997818.0,997979.0,0.019,0.1416855,1754.4123461,2000.51602749,997818.0,110034.93545587,5611.25319134
BTC_JPY,2020-05-23T01:10:54.193,3157336,997838.0,997979.0,0.001,0.1406855,1755.1232677,2000.64813202,997979.0,110034.06456055,5610.88319529
BTC_JPY,2020-05-23T01:10:59.11,3157396,997858.0,997979.0,0.001,0.1386855,1755.45334579,2001.10100584,997979.0,110008.14802288,5610.87519429
BTC_JPY,2020-05-23T01:11:04.51,3157496,998043.0,998314.0,0.5953,0.0003282,1759.24190066,1997.59826455,998314.0,110003.69063253,5612.92015925
BTC_JPY,2020-05-23T01:11:09.407,3157577,998032.0,998270.0,0.001,0.97,1753.45054526,2000.42682087,998043.0,110002.2247336,5612.82615925
BTC_JPY,2020-05-23T01:11:13.853,3157696,998001.0,998314.0,0.097,0.0003282,1757.08661975,1995.12305907,998001.0,109998.45847078,5612.83015925
BTC_JPY,2020-05-23T01:11:19.993,3157805,998022.0,998314.0,0.001,0.0003282,1756.89178808,1996.28613369,998014.0,109984.66781101,5612.83115925
BTC_JPY,2020-05-23T01:11:24.277,3157881,998001.0,998314.0,0.017,0.0003282,1756.08428417,1996.04319037,998025.0,109953.26802182,5611.84425925
BTC_JPY,2020-05-23T01:11:29.07,3157958,998002.0,998500.0,0.24,0.16,1755.88478416,1996.30124415,998002.0,109956.80719245,5612.44924925
BTC_JPY,2020-05-23T01:11:34.213,3158099,998401.0,998613.0,0.24023709,0.001,1755.01208456,1995.88442504,998401.0,109962.74113648,5613.46101116
BTC_JPY,2020-05-23T01:11:39.657,3158258,998013.0,998675.0,0.01,0.31,1752.11194005,1996.4575367,998499.0,109943.25732665,5613.07481814
BTC_JPY,2020-05-23T01:11:44.077,3158367,998035.0,998363.0,0.2,0.32,1752.93175737,1997.7608666,998592.0,109941.45332588,5612.93681814
BTC_JPY,2020-05-23T01:11:49.67,3158415,998035.0,998363.0,0.0001,0.32,1753.89185737,1995.90649262,998035.0,109936.84221366,5611.2972872
BTC_JPY,2020-05-23T01:11:54.54,3158462,998043.0,998363.0,0.05,0.32,1753.30630624,1995.85649262,998001.0,109929.09716459,5609.8537872
BTC_JPY,2020-05-23T01:11:59.753,3158506,998044.0,998363.0,0.2,0.32,1754.1813739999998,1995.60586696,998043.0,109933.62439993,5609.8737872
BTC_JPY,2020-05-23T01:12:04.597,3158558,998021.0,998043.0,0.1,0.019,1753.87930624,1996.47096709,998021.0,109934.1540608,5609.9747872
BTC_JPY,2020-05-23T01:12:09.28,3158595,998021.0,998043.0,0.001,0.012,1754.018834,1992.75689933,998000.0,109931.73493928,5610.0827872
BTC_JPY,2020-05-23T01:12:13.713,3158622,998021.0,998043.0,0.001,0.011,1752.77576624,1992.91897412,998022.0,109932.54679995,5610.2837872
BTC_JPY,2020-05-23T01:12:18.693,3158652,998041.0,998043.0,0.001,0.009000000000000001,1752.99383743,1978.77497052,998043.0,109931.25502928,5610.1024397
BTC_JPY,2020-05-23T01:15:04.27,3161230,999020.0,999499.0,0.001,0.30000013,1757.77398358,1993.35389138,999042.0,109969.59957723,5587.35069501
BTC_JPY,2020-05-23T01:15:09,3161330,999001.0,999021.0,0.1,0.016455,1757.62899039,1995.39525108,999021.0,109954.4424901,5587.30269501
BTC_JPY,2020-05-23T01:15:14.48,3161390,999001.0,999021.0,0.099,0.014455,1758.91760178,1997.37025764,999021.0,109948.9676836,5587.30569501
BTC_JPY,2020-05-23T01:15:19.333,3161491,999016.0,999499.0,0.1,0.5927,1754.58499039,1997.22849952,999042.0,109957.92551944,5587.32315001
BTC_JPY,2020-05-23T01:15:23.973,3161620,999072.0,999499.0,0.001,0.3768,1758.57390145,1997.01260245,999028.0,109957.10014939,5586.49117389
BTC_JPY,2020-05-23T01:15:29.017,3161738,999075.0,999487.0,0.049,0.4435,1759.4059903999994,1997.19829837,999075.0,109952.00572204,5574.83748072
BTC_JPY,2020-05-23T01:15:34.243,3161828,999300.0,999470.0,1.0,0.5902,1759.94508972,1997.23999071,999449.0,109951.30655904,5574.32969072
BTC_JPY,2020-05-23T01:15:39.503,3161862,999320.0,999498.0,0.001,0.5902,1760.53401972,1997.6887907000007,999449.0,109927.11636605,5573.94581168
BTC_JPY,2020-05-23T01:15:44.603,3161984,998569.0,998873.0,0.05,0.6138,1750.38893683,2001.20750027,998700.0,109945.69829902,5577.51317674
BTC_JPY,2020-05-23T01:15:49.183,3162091,998100.0,998481.0,0.163,0.004,1749.82935901,2003.12074378,998101.0,109959.91033774,5577.37407575
BTC_JPY,2020-05-23T01:15:54.06,3162180,998120.0,998456.0,0.001,0.30000013,1754.18977368,2002.72972178,998101.0,109946.53205364,5575.63374279
BTC_JPY,2020-05-23T01:15:59.57,3162247,998100.0,998444.0,0.113,0.0881,1756.29006632,2002.6778982,998100.0,109940.23603366,5574.79975781
BTC_JPY,2020-05-23T01:16:04.077,3162311,998120.0,998480.0,0.001,0.045,1755.27096632,2002.89352222,998480.0,109930.15410393,5574.39277447
BTC_JPY,2020-05-23T01:16:09.26,3162337,998140.0,998481.0,0.001,0.004,1755.26906632,2002.95952222,998480.0,109918.80393169,5574.01518603
BTC_JPY,2020-05-23T01:16:14.423,3162368,998160.0,998477.0,0.001,0.05,1755.17606632,2003.29552222,998480.0,109892.53715418,5571.5135692
BTC_JPY,2020-05-23T01:16:19.267,3162459,998160.0,998477.0,0.001,0.05,1754.16986632,2002.92842235,998480.0,109886.41230951,5572.4825692
BTC_JPY,2020-05-23T01:16:24.68,3162576,998100.0,998675.0,0.113,0.3,1752.96135668,2003.87586393,998500.0,109878.67392819,5573.4585736
BTC_JPY,2020-05-23T01:16:29.087,3162665,998102.0,998665.0,0.05,0.05,1753.38270803,2004.42334016,998102.0,109875.33206051,5572.34362434
BTC_JPY,2020-05-23T01:16:34.293,3162771,998102.0,998637.0,0.05,1.0,1753.54296615,2004.36774213,998103.0,109876.97679916,5569.43003991
BTC_JPY,2020-05-23T01:16:39.44,3162912,998100.0,998599.0,0.113,0.6016,1753.96696615,2003.16150011,998103.0,109879.8527227,5567.69893939
BTC_JPY,2020-05-23T01:16:44.397,3163052,998100.0,998556.0,0.113,0.6516,1753.84170803,2003.77050009,998103.0,109858.94644292,5564.49793887
BTC_JPY,2020-05-23T01:16:49.293,3163198,997869.0,998165.0,0.00010999,0.6476,1750.53190599,2002.60585649,997869.0,109859.6809997,5562.08385125
BTC_JPY,2020-05-23T01:16:54.287,3163350,997830.0,998279.0,0.5897,0.30000013,1754.71337988,2001.38419854,997818.0,109850.53671423,5552.11606803
BTC_JPY,2020-05-23T01:16:59.06,3163454,997861.0,998159.0,0.5897,0.0011,1750.22192646,2002.28624667,997818.0,109858.9959292,5552.11306803
BTC_JPY,2020-05-23T01:17:03.843,3163563,997858.0,998281.0,0.6397,0.03,1752.43104747,2001.66209897,998159.0,109850.13114073,5552.05399468
BTC_JPY,2020-05-23T01:17:09.03,3163631,997916.0,998489.0,0.6397,0.05,1754.9442476,2001.47909884,998159.0,109844.6986667,5552.00206803
BTC_JPY,2020-05-23T01:17:14.153,3163683,998159.0,998489.0,0.02,0.05,1755.3559476,2001.54489897,998159.0,109841.28024063,5551.65128797
BTC_JPY,2020-05-23T01:17:18.793,3163703,998159.0,998489.0,0.18100000000000002,0.05,1756.7169476,2001.54489897,998159.0,109835.45767669,5551.65128797
BTC_JPY,2020-05-23T01:20:03.98,3166802,997679.0,998317.0,0.5755,0.01,1760.09387947,2001.55564668,997818.0,109568.80458305,5513.16305092
BTC_JPY,2020-05-23T01:20:09.763,3166936,997710.0,998320.0,0.29,0.31,1759.09927494,2002.20554705,997818.0,109549.72653365,5512.37375079
BTC_JPY,2020-05-23T01:20:14.213,3167023,997850.0,998424.0,0.29,0.31,1760.27797947,2002.42340158,997819.0,109552.14492345,5511.04375079
BTC_JPY,2020-05-23T01:20:19.1,3167121,997880.0,998423.0,0.1,0.01,1759.90447948,2002.21770158,997819.0,109541.25426139,5511.0412508
BTC_JPY,2020-05-23T01:20:24.667,3167231,997919.0,998424.0,0.29,0.31,1761.01994932,2001.88058084,997819.0,109536.87060785,5511.0412508
BTC_JPY,2020-05-23T01:20:29.373,3167309,997987.0,998427.0,0.5736,0.25,1761.48894932,2002.23668084,997819.0,109508.73418566,5510.6212508
BTC_JPY,2020-05-23T01:20:35.01,3167413,998037.0,998424.0,0.001,0.31,1760.65634932,2002.56328084,998001.0,109504.33985967,5510.5912508
BTC_JPY,2020-05-23T01:20:39.773,3167462,997964.0,997987.0,0.1,0.019,1760.21934495,2002.51318084,998037.0,109504.15959746,5510.3822508
BTC_JPY,2020-05-23T01:20:44.737,3167514,997927.0,997987.0,0.001,0.02,1760.60271369,2002.81414521,997987.0,109508.16874964,5509.6142508
BTC_JPY,2020-05-23T01:20:49.773,3167573,997927.0,997987.0,0.001,0.02,1760.60021369,2002.22754521,997987.0,109507.9090867,5509.6142508
BTC_JPY,2020-05-23T01:20:54.53,3167614,997907.0,998375.0,0.03,0.5736,1760.27981369,2001.44174521,997987.0,109495.71658743,5509.6742508
BTC_JPY,2020-05-23T01:20:59.743,3167650,997842.0,998371.0,0.29,0.5736,1761.05801369,2002.20314521,997987.0,109476.12873487,5508.2032508
BTC_JPY,2020-05-23T01:21:04.37,3167769,997000.0,997576.0,1.217601,0.5784,1752.27140802,2003.30877751,997236.0,109516.64968225,5513.71044993
BTC_JPY,2020-05-23T01:21:09.22,3167913,997000.0,997535.0,0.13660061,0.29,1748.00496416,2002.83808456,997000.0,109533.10650716,5514.81045032
BTC_JPY,2020-05-23T01:21:14.16,3168027,997020.0,997501.0,0.001,0.5662,1750.67333987,2003.79332291,997000.0,109537.21652608,5514.80045032
BTC_JPY,2020-05-23T01:21:19.513,3168105,997020.0,997509.0,0.001,0.31,1751.07541987,2002.34172291,997000.0,109518.10470658,5510.10074349
BTC_JPY,2020-05-23T01:21:24.25,3168196,996972.0,997512.0,0.3134,0.009999,1753.79121505,2002.80114934,997512.0,109514.93231187,5511.11174449
BTC_JPY,2020-05-23T01:21:29.677,3168310,997001.0,997512.0,0.3151,0.039999,1749.53491492,2004.15232657,997512.0,109512.35652362,5509.11074449
BTC_JPY,2020-05-23T01:21:34.047,3168368,997000.0,997511.0,0.066,0.01,1750.60816797,2003.80032644,997512.0,109495.02697904,5508.16945394
BTC_JPY,2020-05-23T01:21:39.247,3168459,997000.0,997512.0,0.066,0.039999,1750.90293423,2004.00492657,997512.0,109489.46917606,5508.04065096
BTC_JPY,2020-05-23T01:21:44.533,3168560,997000.0,997499.0,0.217,0.31,1752.55153045,2004.98784279,997512.0,109477.66189158,5506.22065083
BTC_JPY,2020-05-23T01:21:49.06,3168637,997001.0,997450.0,0.1,0.5673,1751.61410849,2001.13394379,997512.0,109477.64799975,5506.20065083
BTC_JPY,2020-05-23T01:21:53.98,3168687,997001.0,997428.0,0.05510449,0.5673,1752.60558753,2000.87082513,997450.0,109463.86256349,5506.19654634
BTC_JPY,2020-05-23T01:21:59.51,3168775,996821.0,997418.0,1.28,0.6602,1751.94042351,2000.3519356,997000.0,109456.33401304,5505.48485082
BTC_JPY,2020-05-23T01:22:04.903,3168908,996821.0,997231.0,0.98010086,0.6574,1751.72609949,2001.64515561,996821.0,109454.55233349,5504.84374996
BTC_JPY,2020-05-23T01:22:08.98,3169010,996821.0,996900.0,0.68020172,0.001,1752.44177876,2000.08782402,996821.0,109450.42895521,5505.1526491
BTC_JPY,2020-05-23T01:22:14.56,3169079,996691.0,997000.0,0.46750049,0.298,1750.56677686,1997.93482402,996714.0,109450.77634108,5506.01764899
BTC_JPY,2020-05-23T01:22:19.327,3169123,996691.0,996821.0,0.45750049,0.3,1747.18977673,2000.65782415,996714.0,109458.65920356,5506.43044759
BTC_JPY,2020-05-23T01:25:04.263,3172033,997284.0,997808.0,0.0924,0.1,1762.75295706,2000.98636506,997500.0,109366.78521025,5500.30002354
BTC_JPY,2020-05-23T01:25:09.983,3172149,997286.0,997790.0,0.0924,1.0,1760.78955709,2001.86726102,997500.0,109362.05397468,5500.29902354
BTC_JPY,2020-05-23T01:25:14.34,3172228,997281.0,997808.0,0.30000013,0.1,1760.29965711,2000.29746102,997500.0,109352.49040094,5497.99906354
BTC_JPY,2020-05-23T01:25:19.543,3172297,997290.0,997808.0,0.5479,0.1,1760.92270711,2000.83246102,997500.0,109351.6306403,5497.99906354
BTC_JPY,2020-05-23T01:25:24.467,3172354,997504.0,997808.0,0.0924,0.1,1760.70400711,2000.80546102,997500.0,109349.15101143,5497.24906354
BTC_JPY,2020-05-23T01:25:29.817,3172413,997503.0,997808.0,0.5416,0.1,1761.7483385000005,2000.87746298,997501.0,109348.17701143,5496.25006354
BTC_JPY,2020-05-23T01:25:34.3,3172430,997503.0,997808.0,0.5416,0.1,1761.6978085,2000.63246298,997501.0,109344.44622742,5496.25006354
BTC_JPY,2020-05-23T01:25:39.27,3172482,997500.0,997967.0,0.12,0.29,1761.13816424,2000.94491262,997503.0,109328.10441619999,5489.72139354
BTC_JPY,2020-05-23T01:25:45.033,3172588,997043.0,997928.0,0.5342,0.29,1761.15016255,2002.08497975,997500.0,109326.56849082,5489.43877354
BTC_JPY,2020-05-23T01:25:50.26,3172693,997043.0,997891.0,0.4109,0.309,1760.27626317,2000.40057975,997500.0,109328.89506192,5489.43777354
BTC_JPY,2020-05-23T01:25:54.283,3172773,997043.0,997863.0,0.4109,0.1,1759.87626304,2000.53337975,997500.0,109312.77594738,5489.43777354
BTC_JPY,2020-05-23T01:25:59.52,3172883,997044.0,997967.0,0.5342,0.3,1758.04456317,2000.89052372,997043.0,109293.02069827,5488.79277355
BTC_JPY,2020-05-23T01:26:04.363,3172984,997048.0,997957.0,0.5842,0.29,1759.54303795,2001.01577889,997954.0,109291.43282612,5488.02444351
BTC_JPY,2020-05-23T01:26:09.523,3173069,997048.0,997860.0,0.05,1.1,1758.65148895,2002.05602989,997954.0,109291.59694768,5487.91544351
BTC_JPY,2020-05-23T01:26:14.51,3173107,997048.0,997845.0,0.05,0.1,1758.72948895,2002.40002989,997954.0,109282.34891673,5487.42444351
BTC_JPY,2020-05-23T01:26:19.137,3173170,997049.0,997847.0,0.01,0.29,1758.16728895,2002.13094758,997500.0,109272.76698916,5486.92449351
BTC_JPY,2020-05-23T01:26:24,3173251,997051.0,997987.0,0.5296,0.025,1759.69781317,1999.8436040999998,997500.0,109271.87029065,5486.20449251
BTC_JPY,2020-05-23T01:26:29.88,3173372,997043.0,997976.0,0.621,0.29,1759.72521317,2000.8245570000001,997500.0,109268.86330464,5485.07581366
BTC_JPY,2020-05-23T01:26:34.967,3173484,997046.0,997887.0,0.0884,0.4978,1758.13665317,2001.860357,997500.0,109272.68528167,5484.81409251
BTC_JPY,2020-05-23T01:26:39.7,3173568,997043.0,997781.0,0.0914,0.5296,1757.95673458,2001.75705699,997500.0,109273.85233582,5484.81409251
BTC_JPY,2020-05-23T01:26:44.503,3173622,997043.0,997756.0,0.003,0.29,1757.65673445,2002.29285699,997500.0,109265.82443481,5483.81409251
BTC_JPY,2020-05-23T01:26:49.113,3173666,997043.0,997741.0,0.003,0.5296,1759.15573458,2001.34685686,997500.0,109262.82615748,5483.80409151
BTC_JPY,2020-05-23T01:26:54.07,3173755,997043.0,997757.0,0.003,0.1296,1759.66693458,2000.56685686,997500.0,109264.44504153,5483.80209151
BTC_JPY,2020-05-23T01:26:59.233,3173879,997043.0,997713.0,0.003,0.1242,1759.65233458,2002.28309071,997500.0,109267.58996515,5483.79009151
BTC_JPY,2020-05-23T01:27:04.467,3173998,997043.0,997661.0,0.003,0.1232,1759.21073458,2002.89849071,997500.0,109264.76046489,5483.78809151
BTC_JPY,2020-05-23T01:27:09.293,3174090,997043.0,997647.0,0.003,0.1229,1759.65283458,2003.80759071,997500.0,109263.58855578,5483.97595051
BTC_JPY,2020-05-23T01:27:14.07,3174187,997043.0,997661.0,0.003,0.29,1759.67263458,2003.46889071,997635.0,109263.34787069,5484.07639051
BTC_JPY,2020-05-23T01:27:19.65,3174221,997101.0,997661.0,0.1,0.29,1750.23263458,2002.58989071,997635.0,109261.54558039,5484.07639051
BTC_JPY,2020-05-23T01:30:04.09,3176849,996500.0,996501.0,0.10665021,0.01,1748.81254497,2004.70769457,996500.0,109206.09979428,5484.36632853
BTC_JPY,2020-05-23T01:30:09.073,3176951,996000.0,996365.0,0.89861122,0.0583,1744.35697492,2004.40002276,996000.0,109216.29168186,5484.58446859
BTC_JPY,2020-05-23T01:30:14.03,3177050,996001.0,996365.0,0.60462819,0.0583,1747.41042311,2003.13089444,996172.0,109218.04985878,5484.60446859
BTC_JPY,2020-05-23T01:30:19.063,3177161,996365.0,996494.0,0.05,0.13,1747.15984309,2002.57799444,996172.0,109221.78789409,5484.35446859
BTC_JPY,2020-05-23T01:30:24.143,3177251,996365.0,996505.0,0.05,0.02,1747.91425309,2002.71699457,996172.0,109219.68804983,5484.35446859
BTC_JPY,2020-05-23T01:30:29.543,3177320,996365.0,996607.0,0.05,0.31,1747.98647867,2002.82717653,996172.0,109218.18265112,5483.86446859
BTC_JPY,2020-05-23T01:30:34.233,3177393,996365.0,996764.0,0.05,0.13,1748.30310688,2003.46834834,996172.0,109220.53271889,5483.86446859
BTC_JPY,2020-05-23T01:30:39.18,3177476,996368.0,996805.0,0.2829,0.06087181,1749.54667868,2002.8694857,996172.0,109220.91597326,5483.86446859
BTC_JPY,2020-05-23T01:30:44.473,3177579,996365.0,996787.0,0.05,0.31,1747.85327868,2003.23141389,996172.0,109221.84615749,5483.86446859
BTC_JPY,2020-05-23T01:30:49.087,3177639,996365.0,996941.0,0.05,0.5655,1747.94220687,2003.00421389,996172.0,109222.68705124,5483.86446859
BTC_JPY,2020-05-23T01:30:54.923,3177781,996172.0,996913.0,0.07122819,0.1,1745.96100674,2002.56611389,996172.0,109221.1320688,5484.66526859
BTC_JPY,2020-05-23T01:30:58.983,3177818,996208.0,996909.0,0.4781,0.1,1747.36410448,2003.33631389,996172.0,109219.33311149,5484.66526859
BTC_JPY,2020-05-23T01:31:04.12,3177886,996209.0,996913.0,0.4774,0.2,1746.64340448,2002.73567805,996172.0,109221.08291362,5484.215268600001
BTC_JPY,2020-05-23T01:31:09.633,3177960,996197.0,996914.0,0.5651,0.31,1748.38010448,2002.29367805,996908.0,109218.66299251,5483.8802701
BTC_JPY,2020-05-23T01:31:14.63,3178025,996271.0,996969.0,0.01,0.1,1746.69260447,2001.80133089,996908.0,109209.51240186,5483.48026997
BTC_JPY,2020-05-23T01:31:19.323,3178176,997085.0,997535.0,0.5734,0.001,1747.28795221,1995.82750042,997410.0,109226.59025153,5485.83216997
BTC_JPY,2020-05-23T01:31:24.613,3178299,997179.0,997535.0,0.4393,0.001,1747.72635234,1999.11886364,997127.0,109216.37650716,5485.83316997
BTC_JPY,2020-05-23T01:31:29.833,3178396,997215.0,997535.0,0.1,0.001,1746.96582402,1998.16053364,997127.0,109215.84276123,5485.64486998
BTC_JPY,2020-05-23T01:31:34.1,3178479,997218.0,997690.0,0.6734,1.0,1747.74922402,1998.84879674,997535.0,109215.52284205,5485.63586998
BTC_JPY,2020-05-23T01:31:39.677,3178573,997535.0,997690.0,0.01,1.0,1748.4806529,1999.44684755,997535.0,109221.42457799,5485.63586998
BTC_JPY,2020-05-23T01:31:44.903,3178693,997024.0,997340.0,0.1,1.0,1748.56948048,2001.17554034,997535.0,109230.14324105,5485.64586998
BTC_JPY,2020-05-23T01:31:49.78,3178760,997025.0,997727.0,0.1,0.5734,1752.45848048,1999.63054034,997535.0,109227.05676445,5485.64586998
BTC_JPY,2020-05-23T01:31:54.54,3178801,996923.0,997435.0,0.1082,0.001,1750.3698891,1998.92304034,997535.0,109223.47414052,5485.64498107
BTC_JPY,2020-05-23T01:31:59.35,3178887,996970.0,997708.0,0.1,0.5699,1750.2956891,1998.53804021,997435.0,109209.79017969,5484.84586998
BTC_JPY,2020-05-23T01:32:04.09,3178977,997027.0,997708.0,0.1167,0.5699,1750.8153891,1999.41864034,997435.0,109200.14079037,5484.84586998
BTC_JPY,2020-05-23T01:32:09.657,3179096,997185.0,997716.0,0.5554,0.03,1748.81960545,1998.9164088,997235.0,109201.19927875,5485.42586998
BTC_JPY,2020-05-23T01:32:14.483,3179171,997535.0,997808.0,0.15,0.1,1751.68533828,1999.0826088,997235.0,109203.37053186,5484.87986998
BTC_JPY,2020-05-23T01:32:19.407,3179231,997128.0,997795.0,0.5774,0.13,1747.65073807,2000.37104153,997535.0,109204.01259384,5484.13297175
BTC_JPY,2020-05-23T01:35:04.45,3181195,997820.0,998000.0,0.09,0.72270009,1751.14110443,1998.98255524,998000.0,109217.77161672,5475.87581149
BTC_JPY,2020-05-23T01:35:09.173,3181236,997900.0,998000.0,0.32,2.71270009,1747.74957456,1999.72113412,998000.0,109228.39018524,5475.88581149
BTC_JPY,2020-05-23T01:35:13.807,3181309,997820.0,998000.0,0.09,2.96260009,1749.92857455,2001.22381451,998000.0,109232.91506251,5475.87581149
BTC_JPY,2020-05-23T01:35:19.943,3181383,997975.0,998330.0,0.1,1.09479948,1751.24507455,1997.45357468,998330.0,109249.76042535,5478.8436121
BTC_JPY,2020-05-23T01:35:24.47,3181432,998013.0,998330.0,0.01,1.04479948,1750.20741455,1998.67098523,998330.0,109255.23584279,5478.8936121000015
BTC_JPY,2020-05-23T01:35:29.997,3181508,998050.0,998466.0,0.1,0.001,1749.74821455,1997.78618575,998330.0,109252.20892647,5478.17261197
BTC_JPY,2020-05-23T01:35:34.173,3181578,997820.0,998330.0,0.09,0.003,1746.86743964,1997.67078562,998330.0,109254.47023733,5478.17261197
BTC_JPY,2020-05-23T01:35:39.71,3181650,997821.0,998330.0,0.095,0.003,1748.506519,1997.92883184,998330.0,109259.76235826,5478.16161197
BTC_JPY,2020-05-23T01:35:44.633,3181735,997820.0,998316.0,0.09,0.1859,1748.42157571,1998.6023513,998317.0,109261.59546112,5478.20081197
BTC_JPY,2020-05-23T01:35:49.497,3181831,997820.0,998430.0,0.09,0.1836,1748.17237571,1995.4504513,998330.0,109261.07403503,5478.20381197
BTC_JPY,2020-05-23T01:35:54.833,3181944,997820.0,998394.0,0.09,0.13,1748.61057571,1995.3906513,998418.0,109258.87126429,5478.20581197
BTC_JPY,2020-05-23T01:35:59.757,3182040,997820.0,998356.0,0.09,0.1807,1747.71557571,1995.3021513,998418.0,109259.7457576,5478.20581197
BTC_JPY,2020-05-23T01:36:04.62,3182134,997820.0,998318.0,0.09,0.4005,1747.76457571,1995.5413513,998418.0,109259.94025876,5478.20581197
BTC_JPY,2020-05-23T01:36:09.077,3182219,997820.0,998292.0,0.09,0.3988,1745.58557572,1993.1506513,998418.0,109250.96682687,5478.10581197
BTC_JPY,2020-05-23T01:36:14.773,3182340,997820.0,998243.0,0.09,0.13,1746.85868573,1994.2376513,998418.0,109234.13816973,5477.37581197
BTC_JPY,2020-05-23T01:36:19.693,3182434,997820.0,998216.0,0.09,0.4919,1747.15288573,1994.6103513,998228.0,109230.99597694,5477.56581197
BTC_JPY,2020-05-23T01:36:23.997,3182526,997820.0,998383.0,0.09,0.4916,1750.62515573,1996.6800513,998228.0,109228.83534459,5477.56581197
BTC_JPY,2020-05-23T01:36:29.62,3182650,997820.0,998214.0,0.09,0.32,1749.6450482999999,1997.16086796,998382.0,109220.60726236,5477.24581184
BTC_JPY,2020-05-23T01:36:34.93,3182768,997820.0,998176.0,0.09,0.4915,1749.7000483,1998.58836796,998382.0,109212.10062981,5477.24581184
BTC_JPY,2020-05-23T01:36:39.937,3182864,997820.0,998174.0,0.07,0.4652,1749.3071482999999,1998.36006796,997820.0,109199.74914607,5477.22685174
BTC_JPY,2020-05-23T01:36:44.333,3182951,997820.0,998186.0,0.07,0.4653,1749.3171482999999,1998.01016783,997820.0,109194.11419623,5476.74785174
BTC_JPY,2020-05-23T01:36:49.75,3183080,997833.0,998462.0,0.03,0.03,1745.39611074,1997.95005833,997820.0,109204.46405159,5476.54674174
BTC_JPY,2020-05-23T01:36:54.247,3183158,997833.0,998466.0,0.03,0.001,1747.37921495,1997.99515833,997820.0,109199.18349409,5476.25097942
BTC_JPY,2020-05-23T01:36:59.947,3183258,997833.0,998465.0,0.03,0.01,1748.14819399,1997.85965833,997820.0,109205.79454019,5474.81873942
BTC_JPY,2020-05-23T01:37:04.487,3183352,997831.0,998464.0,0.6421,0.05,1748.19819399,1997.93965833,997820.0,109207.07153863,5474.81873942
BTC_JPY,2020-05-23T01:37:09.023,3183434,997820.0,998440.0,0.07,0.1,1749.81119399,1998.06765833,997820.0,109208.09281307,5474.81762963
BTC_JPY,2020-05-23T01:37:14.023,3183536,997820.0,998440.0,0.17,0.1,1749.33208109,1998.01705833,997820.0,109206.39814174,5474.81762963
BTC_JPY,2020-05-23T01:37:19.047,3183594,997821.0,998174.0,0.080848,0.358,1746.70382488,1998.24485833,997821.0,109208.77851571,5474.83678163
BTC_JPY,2020-05-23T01:40:04.303,3186141,996623.0,997247.0,0.1534,0.5216,1749.16708034,2001.64377433,997084.0,109225.35551206,5471.581778100001
BTC_JPY,2020-05-23T01:40:09.013,3186230,996650.0,997218.0,0.1557,0.5216,1749.26438034,2001.60154973,997084.0,109228.18366974,5471.581778100001
BTC_JPY,2020-05-23T01:40:14.13,3186329,996610.0,997182.0,0.001,0.5216,1749.13578034,2001.0557742,997084.0,109231.5608118,5471.2617781
BTC_JPY,2020-05-23T01:40:19.5,3186406,996638.0,997175.0,0.03,1.0,1750.23968034,2001.56197433,997084.0,109227.86290335,5471.2617781
BTC_JPY,2020-05-23T01:40:24.757,3186469,996621.0,997175.0,0.03,1.0,1750.26618034,2002.09397433,997084.0,109228.52285358,5471.2617781
BTC_JPY,2020-05-23T01:40:29.007,3186523,996610.0,997175.0,0.001,1.0,1750.25428034,2002.08397433,997084.0,109221.96374031,5471.2617781
BTC_JPY,2020-05-23T01:40:34.643,3186601,997000.0,997175.0,0.1,1.0,1750.46188034,2001.85777433,997084.0,109222.30694576,5471.2617781
BTC_JPY,2020-05-23T01:40:39.327,3186691,996680.0,997321.0,0.1,0.1,1749.83456545,2002.29275944,997000.0,109221.53170497,5471.372778100002
BTC_JPY,2020-05-23T01:40:44.467,3186779,996621.0,997331.0,0.03,0.04,1748.59179409,2002.22958808,997000.0,109217.48555967,5470.87281015
BTC_JPY,2020-05-23T01:40:49.143,3186849,996610.0,997000.0,0.001,0.12,1745.08260574,2001.90958808,997000.0,109219.3491121,5470.87281015
BTC_JPY,2020-05-23T01:40:54.827,3186949,996610.0,997274.0,0.001,1.0,1747.82861409,2002.03783327,996633.0,109219.43464899,5470.98281015
BTC_JPY,2020-05-23T01:40:59.003,3187034,996610.0,996999.0,0.001,0.5156,1750.51441408,2002.91783327,996633.0,109221.5527287,5470.97281015
BTC_JPY,2020-05-23T01:41:04.507,3187107,996610.0,996999.0,0.001,0.5156,1748.43671409,2003.75783327,996633.0,109219.94119234,5470.97281015
BTC_JPY,2020-05-23T01:41:08.987,3187185,996610.0,996999.0,0.001,0.5156,1747.44691409,2003.86883327,996633.0,109221.22322621,5470.97281015
BTC_JPY,2020-05-23T01:41:14.94,3187251,996621.0,997000.0,0.02,1.0,1748.10451409,2004.93873183,996633.0,109221.8920441,5470.93781015
BTC_JPY,2020-05-23T01:41:19.863,3187276,996621.0,997000.0,0.02,0.9,1748.15451409,2003.60873183,997000.0,109218.67177836,5471.03781015
BTC_JPY,2020-05-23T01:41:25.103,3187299,996621.0,997000.0,0.02,0.9,1748.4989141,2003.89988303,997000.0,109218.70523915,5470.98781015
BTC_JPY,2020-05-23T01:41:30.337,3187337,996621.0,997000.0,0.02,0.87,1748.0878340999998,2004.30312151,997000.0,109216.91801539,5470.69558088
BTC_JPY,2020-05-23T01:41:34.86,3187395,996610.0,997000.0,0.001,0.87,1747.78583397,2003.46412138,997000.0,109222.55564654,5470.69558088
BTC_JPY,2020-05-23T01:41:39.95,3187431,996610.0,996975.0,0.001,0.32,1748.21043851,2004.82192953,997000.0,109223.55667089998,5470.69558088
BTC_JPY,2020-05-23T01:41:43.51,3187444,996610.0,996972.0,0.001,1.0,1749.09901083,2004.79192953,997000.0,109220.90465251,5470.69558088
BTC_JPY,2020-05-23T01:41:49.247,3187477,996610.0,996936.0,0.001,1.0,1749.19034083,2004.45322676,997000.0,109221.24497237,5470.69558088
BTC_JPY,2020-05-23T01:41:54.7,3187524,996610.0,996925.0,0.001,0.1,1747.52019083,2004.86222676,997000.0,109219.36410426,5470.69558088
BTC_JPY,2020-05-23T01:41:59.1,3187566,996610.0,996974.0,0.001,0.5061,1747.89019083,2004.29832676,996927.0,109219.5909895,5470.51358088
BTC_JPY,2020-05-23T01:42:04.883,3187603,996610.0,996974.0,0.001,0.5161,1750.0874907000002,2005.27832676,996927.0,109218.11026232,5470.51358088
BTC_JPY,2020-05-23T01:42:09.51,3187692,996610.0,996926.0,0.001,0.5061,1746.10595248,2005.05932676,996927.0,109217.25269039,5470.51358088
BTC_JPY,2020-05-23T01:42:14.527,3187829,996172.0,996531.0,0.05,0.1,1748.11164043,2005.59080865,996500.0,109238.77361885,5470.63569087
BTC_JPY,2020-05-23T01:42:20.337,3187932,996172.0,996540.0,0.05,0.503,1745.45028017,2007.123593,996500.0,109254.60388939,5470.63569087
BTC_JPY,2020-05-23T01:45:04.657,3189321,996500.0,996914.0,0.15,0.2664,1744.48346048,2006.30681297,996610.0,109212.08957573,5470.37768987
BTC_JPY,2020-05-23T01:45:08.413,3189376,996622.0,996913.0,0.12,1.0,1745.34216048,2006.27041297,996611.0,109209.18769876,5470.38268987
BTC_JPY,2020-05-23T01:45:14.93,3189449,996611.0,996913.0,0.12,1.0,1745.01346035,2006.23541297,996611.0,109207.70466074,5470.38268987
BTC_JPY,2020-05-23T01:45:19.1,3189490,996611.0,996915.0,0.12,1.0,1745.92716032,2005.96541268,996611.0,109203.21557745,5470.36268787
BTC_JPY,2020-05-23T01:45:24.33,3189537,996624.0,996915.0,0.5137,1.0,1746.19316032,2006.23641281,996611.0,109197.10445936,5470.29268987
BTC_JPY,2020-05-23T01:45:29.94,3189570,996616.0,996915.0,0.5137,1.0,1745.47316033,2006.35657884,996611.0,109196.07422915,5470.26268687
BTC_JPY,2020-05-23T01:45:33.667,3189586,996616.0,996915.0,0.5137,1.0,1745.40316033,2006.35657884,996611.0,109186.6953602,5470.26268687
BTC_JPY,2020-05-23T01:45:39.433,3189641,996627.0,996915.0,0.5137,1.0,1745.7289210000001,2005.16127677,996611.0,109187.74981330002,5470.26268687
BTC_JPY,2020-05-23T01:45:44.417,3189718,996798.0,997300.0,0.4662,0.0049,1745.47201557,2004.18585099,997000.0,109203.92529713,5472.14268687
BTC_JPY,2020-05-23T01:45:49.89,3189814,996858.0,997300.0,0.12,0.0049,1747.91750164,2003.94139872,997000.0,109205.15298463,5472.14268687
BTC_JPY,2020-05-23T01:45:54.047,3189883,997001.0,997493.0,0.5251,1.0,1747.43150151,2004.10573707,997300.0,109206.87342459,5472.14758687
BTC_JPY,2020-05-23T01:45:59.127,3189950,997053.0,997496.0,0.1,0.001,1752.06140164,2004.11573707,997300.0,109207.93786558,5471.94758687
BTC_JPY,2020-05-23T01:46:04.16,3190024,997102.0,997496.0,0.5251,0.001,1752.58818164,2003.91573707,997300.0,109201.30553940001,5470.69758687
BTC_JPY,2020-05-23T01:46:09.617,3190064,997297.0,997496.0,0.1,0.001,1753.83308164,2002.14406796,997296.0,109197.79991719,5470.70758687
BTC_JPY,2020-05-23T01:46:14.763,3190114,997313.0,997608.0,0.1,0.1,1753.84708164,2001.82026796,997496.0,109207.40481935,5470.70858687
BTC_JPY,2020-05-23T01:46:19.047,3190186,997334.0,997608.0,0.5251,0.1,1755.02118164,2002.15126796,997496.0,109206.62329665,5470.70858687
BTC_JPY,2020-05-23T01:46:24.457,3190273,997300.0,997608.0,0.145,0.1,1754.57708164,2002.39626796,997496.0,109207.82943484,5470.70858687
BTC_JPY,2020-05-23T01:46:29.797,3190344,997321.0,997608.0,0.5251,0.1,1758.86518165,2003.83626796,997496.0,109206.74259184,5470.69858687
BTC_JPY,2020-05-23T01:46:34.827,3190424,997313.0,997608.0,0.5251,0.1,1756.99518165,2003.74626796,997496.0,109207.09559184,5470.69858687
BTC_JPY,2020-05-23T01:46:39.33,3190485,997312.0,997608.0,0.5251,0.1,1757.03518165,2004.43626796,997496.0,109205.74867922,5470.69858687
BTC_JPY,2020-05-23T01:46:44.683,3190559,997301.0,997608.0,0.6251,0.1,1760.93518165,2004.42327733,997496.0,109205.16787886,5468.69978651
BTC_JPY,2020-05-23T01:46:49.827,3190637,997313.0,997608.0,0.5251,0.1,1760.68268166,2004.32007733,997496.0,109205.82165451,5468.19978651
BTC_JPY,2020-05-23T01:46:54.093,3190695,997302.0,997608.0,0.1,0.1,1760.07758166,2004.39367733,997496.0,109214.15877578,5468.19978651
BTC_JPY,2020-05-23T01:46:59.81,3190763,997307.0,997608.0,0.1,0.1,1760.29043797,2004.19359616,997496.0,109214.86766462,5468.19978651
BTC_JPY,2020-05-23T01:47:04.837,3190844,997300.0,997595.0,0.23800000000000002,0.1662,1757.78953512,2004.81219616,997496.0,109219.15034408,5468.19978651
BTC_JPY,2020-05-23T01:47:09.307,3190903,997301.0,997594.0,0.2,0.1,1754.60927935,2005.37518509,997496.0,109214.46677994,5468.19978651
BTC_JPY,2020-05-23T01:47:14.257,3190945,997300.0,997608.0,0.23800000000000002,0.1,1758.62253728,2005.02228509,997496.0,109213.58244116,5468.19978651
BTC_JPY,2020-05-23T01:47:19.22,3190983,997301.0,997608.0,0.1,0.1,1759.00253728,2005.55933092,997595.0,109211.85104774,5468.21758651
BTC_JPY,2020-05-23T01:50:04.477,3192748,996554.0,996600.0,0.32,0.23711307,1756.97596245,2004.65946282,996600.0,109218.20645412,5464.42574932
BTC_JPY,2020-05-23T01:50:09.247,3192821,996555.0,997111.0,0.1,0.5007,1757.10137245,2005.27644974,996600.0,109211.15012361,5463.99186239
BTC_JPY,2020-05-23T01:50:14.75,3192895,996555.0,997074.0,0.46320013,0.1,1756.19264775,2004.97644974,996600.0,109213.37632995,5463.99186239
BTC_JPY,2020-05-23T01:50:19.85,3192997,996600.0,997285.0,0.005,0.32,1756.33964775,2005.82974974,996600.0,109213.27510532,5463.99186239
BTC_JPY,2020-05-23T01:50:24.69,3193059,996600.0,997235.0,1.005,0.5007,1757.06744775,2006.06144961,996600.0,109213.382628,5463.99186239
BTC_JPY,2020-05-23T01:50:29.113,3193119,996601.0,997183.0,0.1,0.5007,1757.20244775,2005.93744974,996600.0,109213.059788,5463.78186239
BTC_JPY,2020-05-23T01:50:33.963,3193147,996601.0,997301.0,0.1,0.5007,1756.94244775,2005.52844974,996600.0,109204.29988641,5462.78186239
BTC_JPY,2020-05-23T01:50:39.363,3193181,996601.0,996989.0,0.1,0.1,1756.60964775,2006.05144974,996600.0,109203.76104638,5462.78186239
BTC_JPY,2020-05-23T01:50:44.98,3193227,996500.0,996975.0,0.035,0.1,1755.41907711,2004.17737924,996600.0,109204.47781086,5463.88686239
BTC_JPY,2020-05-23T01:50:49.587,3193317,996500.0,996927.0,0.035,0.1,1754.54987717,2005.60699471,996600.0,109202.68777109,5463.86586239
BTC_JPY,2020-05-23T01:50:54.763,3193400,996500.0,996987.0,0.035,0.5076,1750.94397717,2005.27910923,996600.0,109205.66699138,5463.86586239
BTC_JPY,2020-05-23T01:50:59.857,3193485,996500.0,996938.0,0.035,0.1,1750.53387717,2005.22749351,996600.0,109207.71060138,5463.86586239
BTC_JPY,2020-05-23T01:51:04.133,3193543,996501.0,996989.0,0.162,0.1,1750.27187717,2004.61989351,996600.0,109207.05968853,5462.86586239
BTC_JPY,2020-05-23T01:51:09.523,3193627,996500.0,996977.0,0.035,0.1,1750.26887717,2004.75089351,996600.0,109208.22076317,5462.85737239
BTC_JPY,2020-05-23T01:51:14.42,3193695,996501.0,997000.0,0.1598,0.001,1750.27010717,2004.62089351,996600.0,109208.98400229,5461.84737239
BTC_JPY,2020-05-23T01:51:19.48,3193771,996500.0,996989.0,0.035,0.1,1749.73408133,2004.82089351,996600.0,109206.09228168,5461.84737239
BTC_JPY,2020-05-23T01:51:24.837,3193837,996500.0,996950.0,0.035,0.5016,1754.67228059,2005.42249351,996950.0,109205.03224874,5461.04733945
BTC_JPY,2020-05-23T01:51:29.61,3193929,996504.0,997000.0,0.1,0.001,1750.59298059,2004.9535674000006,996950.0,109207.50084498,5461.04733945
BTC_JPY,2020-05-23T01:51:34.827,3194001,996501.0,997000.0,0.2412,0.001,1755.07337671,2005.00804603,996950.0,109205.33464498,5461.04733945
BTC_JPY,2020-05-23T01:51:39.29,3194073,996501.0,997000.0,0.2412,0.001,1751.18762325,2004.5016719,996950.0,109204.64249264,5460.04633945
BTC_JPY,2020-05-23T01:51:44.653,3194097,996501.0,997000.0,0.2412,0.001,1750.89662312,2004.0032719,996950.0,109205.6321218,5458.04533945
BTC_JPY,2020-05-23T01:51:49.743,3194170,996500.0,996949.0,0.035,0.5016,1751.22072325,2004.55627191,996950.0,109204.11029752,5458.04533945
BTC_JPY,2020-05-23T01:51:53.973,3194226,996500.0,996949.0,0.035,0.5016,1750.66072325,2004.58627191,996950.0,109202.31010762,5458.04333945
BTC_JPY,2020-05-23T01:51:59.393,3194283,996500.0,996949.0,0.035,0.5016,1750.42467672,2004.55627191,996950.0,109199.48146074,5458.04333945
BTC_JPY,2020-05-23T01:52:04.547,3194316,996500.0,996949.0,0.035,0.5016,1750.38792313,2004.55627191,996950.0,109196.28386074,5456.04333945
BTC_JPY,2020-05-23T01:52:09.663,3194375,996500.0,996946.0,0.035,0.09802067,1750.22952313,2004.15369258,996949.0,109194.05690994,5456.05333945
BTC_JPY,2020-05-23T01:52:13.747,3194425,996500.0,996949.0,0.035,0.5016,1750.64117326,2004.33727191,996945.0,109195.20362713,5456.06333945
BTC_JPY,2020-05-23T01:52:19.717,3194457,996500.0,996949.0,0.035,0.5016,1750.62217326,2004.06927178,996945.0,109198.67713978,5455.85333945
BTC_JPY,2020-05-23T01:55:03.787,3196291,996172.0,996499.0,0.05,0.09802067,1750.15615808,2011.99106984,996500.0,109064.94440335,5444.10514652
BTC_JPY,2020-05-23T01:55:11.257,3196316,996172.0,996499.0,0.04,0.09802067,1750.12829808,2011.80106984,996172.0,109057.95337795,5443.41514652
BTC_JPY,2020-05-23T01:55:14.6,3196350,996011.0,996496.0,0.147,0.09802067,1750.20719808,2012.08736984,996172.0,109057.82229878,5443.45514652
BTC_JPY,2020-05-23T01:55:19.493,3196392,996010.0,996360.0,0.1,0.02,1750.17019808,2011.97934917,996172.0,109057.12361038,5443.45514652
BTC_JPY,2020-05-23T01:55:24.773,3196475,996010.0,996360.0,0.1,0.02,1748.53825185,2011.44310294,996172.0,109056.88772038,5443.45414652
BTC_JPY,2020-05-23T01:55:28.737,3196488,996010.0,996360.0,0.1,0.02,1749.51105185,2011.47310294,996172.0,109057.32089222,5443.45414652
BTC_JPY,2020-05-23T01:55:34.167,3196513,996011.0,996360.0,0.1,0.02,1748.36725172,2011.69310294,996172.0,109055.56828022,5443.13413452
BTC_JPY,2020-05-23T01:55:39.09,3196578,996042.0,996360.0,0.1,0.02,1749.11025172,2011.97110294,996172.0,109056.22839741,5443.13413452
BTC_JPY,2020-05-23T01:55:43.967,3196664,996055.0,996500.0,0.5163,1.0613,1749.66655185,2011.65110281,996360.0,109039.58213347,5440.83413409
BTC_JPY,2020-05-23T01:55:48.61,3196720,996103.0,996499.0,0.5163,0.09802067,1751.24665669,2012.06834361,996172.0,109038.01109097,5440.83081293
BTC_JPY,2020-05-23T01:55:54.89,3196799,996010.0,996486.0,0.1,0.5163,1748.87734607,2007.19714361,996172.0,109045.97983271,5440.83081293
BTC_JPY,2020-05-23T01:55:59.163,3196869,996010.0,996494.0,0.1,0.01,1749.6308840999998,2006.85060294,996172.0,109048.582794,5440.83081293
BTC_JPY,2020-05-23T01:56:04.303,3196910,996010.0,996499.0,0.1,0.5163,1749.7308841,2007.89690294,996172.0,109044.18659169,5440.83731293
BTC_JPY,2020-05-23T01:56:08.793,3196929,996172.0,996498.0,0.05,0.01,1749.7879340999998,2007.87690294,996172.0,109035.96320122,5439.58731293
BTC_JPY,2020-05-23T01:56:13.987,3196947,996172.0,996500.0,0.05,1.0613,1749.9209340999994,2007.29460294,996172.0,109031.77838817,5439.58731293
BTC_JPY,2020-05-23T01:56:19.487,3196979,996021.0,996449.0,0.13,0.09802067,1749.9009340999999,2013.48012361,996172.0,109028.17626468,5439.63731293
BTC_JPY,2020-05-23T01:56:23.503,3197004,996021.0,996450.0,0.13,1.78452067,1750.0309340999993,2008.95012361,996450.0,109016.71661888,5444.12231143
BTC_JPY,2020-05-23T01:56:29.37,3197037,996010.0,996449.0,0.1,0.5233,1752.02193397,2009.50342361,996450.0,109011.62312139,5443.67231144
BTC_JPY,2020-05-23T01:56:34.48,3197056,996010.0,996449.0,0.1,0.5233,1754.8319341,2009.50442361,996450.0,109006.34000576,5443.57231144
BTC_JPY,2020-05-23T01:56:38.717,3197071,996010.0,996449.0,0.1,0.5133,1754.8319341,2009.96722361,996449.0,109000.02506915,5443.58231144
BTC_JPY,2020-05-23T01:56:44.77,3197091,996010.0,996450.0,0.1,1.78452067,1754.02193397,2009.44314361,996449.0,109000.37406067,5443.58231144
BTC_JPY,2020-05-23T01:56:48.79,3197107,996010.0,996450.0,0.1,1.78452067,1755.5379340999998,2009.27314361,996449.0,109002.96826915,5443.58231144
BTC_JPY,2020-05-23T01:56:54.89,3197158,996010.0,996349.0,0.1,0.001,1754.97988856,2009.6818982,996449.0,109000.64136977,5445.68231144
BTC_JPY,2020-05-23T01:56:59.847,3197222,996030.0,996258.0,0.001,0.5378,1755.19985657,2008.85864624,996010.0,109014.20086904,5445.67131144
BTC_JPY,2020-05-23T01:57:03.893,3197288,996000.0,996225.0,0.00021132,0.1,1749.6589302000002,2009.30992,996000.0,109010.54103187,5449.23231144
BTC_JPY,2020-05-23T01:57:09.413,3197362,995986.0,996139.0,0.01921132,1.0,1750.4262802,2008.70942,995986.0,109022.33009596,5449.21531144
BTC_JPY,2020-05-23T01:57:14.683,3197412,996006.0,996114.0,0.001,1.0,1750.4352802,2008.46092,995986.0,109017.93486435,5449.21831144
BTC_JPY,2020-05-23T01:57:19.73,3197478,995986.0,996216.0,0.01621132,0.5585,1745.1072802,2010.44942,995986.0,109017.21837857,5449.12031144
BTC_JPY,2020-05-23T02:00:03.98,3199230,996209.0,996809.0,0.4701,0.5781,1749.42534384,2006.71812003,996500.0,108942.86709654,5442.68100165
BTC_JPY,2020-05-23T02:00:09.063,3199338,996250.0,996879.0,0.1,0.5781,1749.22438385,2005.87112003,996500.0,108933.03197806,5442.68100165
BTC_JPY,2020-05-23T02:00:14.77,3199437,996112.0,996879.0,0.0607,0.5781,1749.76198384,2004.81412003,996500.0,108919.79269047,5442.68100165
BTC_JPY,2020-05-23T02:00:19.427,3199500,996272.0,996879.0,0.23,0.5781,1749.77648384,2004.89152003,996500.0,108913.20288877,5442.68100165
BTC_JPY,2020-05-23T02:00:24.09,3199540,996249.0,996878.0,0.01,0.01,1749.31868384,2005.93952003,996500.0,108903.25938055,5442.68100165
BTC_JPY,2020-05-23T02:00:30.233,3199591,996249.0,996878.0,0.01,0.01,1748.67708385,2007.13552003,996500.0,108897.52386628,5442.68100165
BTC_JPY,2020-05-23T02:00:34.463,3199616,996250.0,996878.0,0.0567,0.01,1748.98708385,2006.94219977,996500.0,108887.82837198,5442.67079765
BTC_JPY,2020-05-23T02:00:39.007,3199648,996500.0,996878.0,0.0151,0.01,1749.00718385,2007.13552003,996500.0,108881.90573187,5442.67079765
BTC_JPY,2020-05-23T02:00:43.517,3199690,996500.0,996878.0,0.0151,0.01,1749.00568385,2007.09412003,996500.0,108880.61573187,5442.17079765
BTC_JPY,2020-05-23T02:00:49.673,3199711,996250.0,996879.0,0.0542,0.5781,1749.02258385,2007.20612003,996500.0,108876.04646004,5442.18589765
BTC_JPY,2020-05-23T02:00:53.713,3199723,996250.0,996879.0,0.0542,0.5581,1749.04258385,2007.18612003,996879.0,108874.84377888,5442.20589765
BTC_JPY,2020-05-23T02:00:59.397,3199792,996249.0,996879.0,0.01,0.5581,1749.27538385,2007.34612003,996879.0,108878.42731946,5442.20389765
BTC_JPY,2020-05-23T02:01:04.387,3199859,996249.0,996879.0,0.01,0.5581,1749.26998385,2007.34612003,996879.0,108878.56345265,5442.19582865
BTC_JPY,2020-05-23T02:01:09.25,3199933,996249.0,996940.0,0.01,1.5781,1748.81357385,2006.6752199,996879.0,108879.83693527,5442.19582865
BTC_JPY,2020-05-23T02:01:14.71,3200042,996269.0,996850.0,0.001,0.002,1749.60857385,2003.84702003,996404.0,108886.37586554,5446.84103716
BTC_JPY,2020-05-23T02:01:19.047,3200115,996249.0,996850.0,0.01,0.002,1750.23377385,2003.71702003,996404.0,108880.41779975,5446.81624716
BTC_JPY,2020-05-23T02:01:24.37,3200183,996270.0,996806.0,0.001,0.15,1749.92945359,2005.20003576,996404.0,108877.54327106,5446.81624716
BTC_JPY,2020-05-23T02:01:29.217,3200227,996270.0,996803.0,0.001,0.31,1750.30278946,2005.71253645,996404.0,108873.80354836,5446.81524716
BTC_JPY,2020-05-23T02:01:33.49,3200260,996250.0,996803.0,0.1,0.3,1750.60178959,2007.93893501,996803.0,108853.1872679,5442.61424716
