product_code,timestamp,tick_id,best_bid,best_ask,best_bid_size,best_ask_size,total_bid_depth,total_ask_depth,ltp,volume,volume_by_product
BTC_JPY,2020-05-24T23:55:09.817,6061965,946415.0,946889.0,0.001,0.1,1538.45326169,2203.04134793,946605.0,123037.58143601,5342.11375451
BTC_JPY,2020-05-24T23:55:14.87,6062083,946045.0,946742.0,0.001,0.32,1536.56109249,2207.09004793,946025.0,123044.58832123,5342.16965172
BTC_JPY,2020-05-24T23:55:19.163,6062171,946025.0,946262.0,0.05310479,0.32,1535.88571441,2208.06145342,946312.0,123055.25181419999,5343.99064972
BTC_JPY,2020-05-24T23:55:25.043,6062249,945994.0,946025.0,0.009000000000000001,0.998,1540.58905797,2209.37335328,946025.0,123059.39611257,5344.12575451
BTC_JPY,2020-05-24T23:55:29.927,6062322,945540.0,945700.0,0.001,0.2,1536.40445798,2210.43064073,945700.0,123067.68374256,5344.8857545
BTC_JPY,2020-05-24T23:55:35.263,6062451,945000.0,945100.0,2.48499987,0.009000000000000001,1532.29249105,2212.36430361,945112.0,123079.92592046,5346.25030463
BTC_JPY,2020-05-24T23:55:39.107,6062497,945020.0,945363.0,0.001,0.31,1529.94701037,2212.21725529,945365.0,123094.72908913,5347.01430463
BTC_JPY,2020-05-24T23:55:44.517,6062634,944256.0,944999.0,0.2,0.1,1529.65062861,2217.34744522,944113.0,123111.87050359,5349.7383045000015
BTC_JPY,2020-05-24T23:55:49.717,6062739,944866.0,945112.0,0.32,0.23,1536.75217361,2235.94354522,945000.0,123104.57905117,5356.9903045
BTC_JPY,2020-05-24T23:55:54.433,6062886,945375.0,945500.0,0.32,0.49,1540.21051601,2205.19486715,945500.0,123128.14074599,5358.69495249
BTC_JPY,2020-05-24T23:55:59.89,6062929,945395.0,945500.0,0.001,0.488,1539.69549408,2206.24932918,945375.0,123133.67853619,5358.68795249
BTC_JPY,2020-05-24T23:56:04.117,6063029,944867.0,945000.0,0.32,2.53635498,1537.98329026,2207.91167049,945000.0,123148.82933842,5359.25359751
BTC_JPY,2020-05-24T23:56:09.9,6063193,945831.0,946112.0,0.6066,0.090076,1541.64959408,2200.58738327,945831.0,123183.33941235,5364.43887648
BTC_JPY,2020-05-24T23:56:15.39,6063297,945872.0,946211.0,0.2,0.1,1540.48793409,2202.03230727,946181.0,123198.37838251,5364.75987648
BTC_JPY,2020-05-24T23:56:19.123,6063368,945749.0,946211.0,0.7079,0.1,1540.43229557,2205.66596876,945873.0,123209.50523692,5364.76087648
BTC_JPY,2020-05-24T23:56:24.83,6063486,945768.0,946211.0,0.001,0.1,1541.98465163,2204.9468867,945873.0,123209.58419549999,5364.76087648
BTC_JPY,2020-05-24T23:56:29.737,6063559,945893.0,946211.0,0.001,0.1,1542.26915163,2205.34858407,945873.0,123210.10050002,5364.56087648
BTC_JPY,2020-05-24T23:56:34.943,6063636,945893.0,946211.0,0.001,0.2,1542.78571464,2205.12858407,945873.0,123213.78749351,5364.55987648
BTC_JPY,2020-05-24T23:56:39.19,6063700,945925.0,946211.0,0.001,0.2,1542.57971464,2207.75268408,945873.0,123219.79058185,5364.55987648
BTC_JPY,2020-05-24T23:56:44.27,6063773,945945.0,946211.0,0.001,0.2,1542.87417449,2208.75296653,945873.0,123224.02578705,5364.55987648
BTC_JPY,2020-05-24T23:56:49.54,6063842,945885.0,946211.0,0.2,0.2,1539.75360921,2208.81317939,945898.0,123221.27791873,5364.76187648
BTC_JPY,2020-05-24T23:56:54.36,6063915,945905.0,946210.0,0.001,0.6058,1540.85266779,2210.88176653,945898.0,123225.19878775,5364.76187648
BTC_JPY,2020-05-24T23:56:59.353,6063991,945925.0,946211.0,0.001,0.2,1539.43548078,2210.53816653,945898.0,123228.37149934,5364.75187648
BTC_JPY,2020-05-24T23:57:03.863,6064065,945925.0,946195.0,0.001,0.5,1538.61036779,2211.00357952,945898.0,123234.70817858,5364.75187648
BTC_JPY,2020-05-24T23:57:09.53,6064164,945945.0,946195.0,0.001,0.47,1537.4230877999994,2210.81852546,946195.0,123236.50880858,5364.78187648
BTC_JPY,2020-05-24T23:57:14.81,6064216,945965.0,946195.0,0.001,1.47,1538.19124673,2211.12352546,946195.0,123235.01388731,5364.78187648
BTC_JPY,2020-05-24T23:57:19.857,6064251,945985.0,946194.0,0.001,0.6058,1538.13724673,2211.21232546,946195.0,123237.1610312,5364.78287648
BTC_JPY,2020-05-24T23:57:25.207,6064393,945000.0,945566.0,0.32072759,0.30000013,1537.55669229,2214.14689739,945567.0,123265.71876829,5368.62986889
BTC_JPY,2020-05-25T00:00:09.087,6068258,941143.0,941851.0,0.1,0.1,1524.27734134,2212.42093283,941316.0,123798.63432769,5397.19559075
BTC_JPY,2020-05-25T00:00:13.873,6068402,940101.0,940475.0,0.1,0.299,1493.30691724,2213.08435108,940475.0,123813.55298261,5401.29108733
BTC_JPY,2020-05-25T00:00:19.427,6068539,940000.0,940240.0,2.74236488,0.32,1510.34071267,2211.63821323,940000.0,123800.27236111,5409.83930538
BTC_JPY,2020-05-25T00:00:23.963,6068628,939300.0,939717.0,0.001,0.13276291,1508.29498488,2214.12366521,939500.0,123800.51587057,5413.68343317
BTC_JPY,2020-05-25T00:00:29.12,6068772,938500.0,938799.0,2.4632286,0.29100000000000004,1463.85544388,2215.55154014,938500.0,123852.1831057,5419.46392992
BTC_JPY,2020-05-25T00:00:34.98,6068955,938040.0,938329.0,0.001,0.09457301,1478.6589386,2211.68959147,938329.0,123888.0895292,5423.83008342
BTC_JPY,2020-05-25T00:00:39.26,6069073,938502.0,938856.0,0.51403645,0.1406,1501.85943076,2205.70177725,938500.0,123895.76342778,5426.49215642
BTC_JPY,2020-05-25T00:00:44.5,6069219,938022.0,938870.0,0.306,0.0224,1503.19224279,2206.02621847,938725.0,123931.32115615,5427.23944735
BTC_JPY,2020-05-25T00:00:49.467,6069370,938849.0,939655.0,0.1,0.32,1498.04956352,2203.3542674,938866.0,123911.43527142,5429.89905876
BTC_JPY,2020-05-25T00:00:53.657,6069499,937500.0,938176.0,0.024,0.1,1499.61900218,2204.80330363,937500.0,123968.90300313,5432.3571808
BTC_JPY,2020-05-25T00:00:59.4,6069708,938087.0,938503.0,0.1,0.32,1492.27303448,2203.00725108,938086.0,124012.68701276,5435.51921131
BTC_JPY,2020-05-25T00:01:04.263,6069904,936000.0,936936.0,2.032,0.4683,1491.65067296,2211.60158645,936937.0,124047.693238,5438.59602951
BTC_JPY,2020-05-25T00:01:10.21,6070126,935050.0,935928.0,0.06561929999999999,0.30000013,1473.64931385,2204.87666754,935614.0,124093.01632619,5443.77669976
BTC_JPY,2020-05-25T00:01:13.54,6070222,935179.0,935527.0,0.32,0.08799900000000001,1482.09250987,2208.14102441,935527.0,124117.06346817,5448.41448289
BTC_JPY,2020-05-25T00:01:18.983,6070368,936189.0,936850.0,0.07400000000000001,0.85518152,1482.57642027,2202.68014892,936850.0,124111.39998646,5450.60364837
BTC_JPY,2020-05-25T00:01:23.58,6070494,935001.0,935690.0,2.83620307,0.32,1477.38179365,2205.70844893,935001.0,124155.63642098,5455.20074159
BTC_JPY,2020-05-25T00:01:28.067,6070649,933463.0,934673.0,0.43,0.17500013,1447.62070595,2204.30424906,933582.0,124208.08375973,5462.85972387
BTC_JPY,2020-05-25T00:01:35.353,6070876,934218.0,934727.0,0.07719999,0.1,1463.58222159,2200.60034665,935001.0,124271.40598157,5466.28252413
BTC_JPY,2020-05-25T00:01:39.403,6071013,935493.0,935713.0,0.1,0.294,1474.07999916,2199.14494906,935476.0,124295.77563856,5469.63781971
BTC_JPY,2020-05-25T00:01:44.187,6071189,935629.0,936601.0,0.1,0.4906,1468.33953992,2195.03694892,935870.0,124337.95978827,5473.00189303
BTC_JPY,2020-05-25T00:01:49.313,6071355,936906.0,937610.0,0.29100000000000004,1.591,1470.63098141,2190.34466741,936128.0,124366.55401739,5479.75903956
BTC_JPY,2020-05-25T00:01:54.82,6071541,937342.0,938086.0,0.47249999,1.3320339,1475.9848846,2186.66610131,937609.0,124411.46214737,5483.61210567
BTC_JPY,2020-05-25T00:01:59.89,6071733,939749.0,940610.0,0.3436,0.1,1470.72353943,2171.30008074,939750.0,124487.85445563,5503.756081
BTC_JPY,2020-05-25T00:02:04.823,6071896,938335.0,939062.0,0.47249999,0.1,1476.74602921,2174.01501848,938461.0,124515.31790422,5505.74559199
BTC_JPY,2020-05-25T00:02:09.143,6072038,940692.0,941653.0,0.3,0.278,1479.16129037,2171.32331848,940690.0,124555.06911436,5508.88199199
BTC_JPY,2020-05-25T00:02:14.083,6072213,940075.0,940846.0,0.099,0.1,1475.49310131,2172.35581847,939964.0,124591.47406809,5510.60096974
BTC_JPY,2020-05-25T00:02:20.273,6072411,941014.0,941592.0,0.309,0.449,1479.46475274,2173.08131846,941012.0,124657.18267296,5513.06205183
BTC_JPY,2020-05-25T00:02:24.01,6072552,941790.0,942816.0,0.08,0.6544,1480.55781964,2172.55101846,941790.0,124682.09040205,5515.16400881
BTC_JPY,2020-05-25T00:05:09.047,6076754,945346.0,946281.0,0.1,0.1,1484.37696672,2174.23401832,946282.0,125346.10705134,5553.26579915
BTC_JPY,2020-05-25T00:05:14.743,6076854,946285.0,946671.0,0.1,0.01,1486.21500902,2177.01191844,946281.0,125373.34314475,5553.36329915
BTC_JPY,2020-05-25T00:05:19.853,6076918,946305.0,946755.0,0.001,0.22659998,1487.21107828,2173.66204825,946755.0,125387.29440923,5553.44329915
BTC_JPY,2020-05-25T00:05:24.887,6076992,946755.0,947000.0,0.09940002,0.80550999,1489.11567829,2171.25242847,947000.0,125399.62526346,5554.54537913
BTC_JPY,2020-05-25T00:05:28.783,6077078,946763.0,947346.0,0.1,0.1,1491.75889612,2170.64821835,947030.0,125429.35085964,5555.36188912
BTC_JPY,2020-05-25T00:05:34.16,6077231,948015.0,948346.0,0.105,0.1,1498.7470411,2168.47521826,947518.0,125452.00228305,5555.64398921
BTC_JPY,2020-05-25T00:05:39.067,6077364,948715.0,949000.0,0.001,0.01,1508.78648318,2172.69973064,948695.0,125499.06997671,5564.79085511
BTC_JPY,2020-05-25T00:05:44.7,6077482,949000.0,949346.0,0.6579010000000001,0.26940317,1516.79719925,2173.38475489,949000.0,125525.66199805,5568.16315111
BTC_JPY,2020-05-25T00:05:49.723,6077575,948695.0,948900.0,15.9241361,0.002,1508.48965022,2172.49325798,948865.0,125554.25875914,5569.99315011
BTC_JPY,2020-05-25T00:05:54.977,6077732,948712.0,949420.0,0.001,0.32,1486.4650589000007,2176.36486138,948695.0,125559.92591533,5587.07814761
BTC_JPY,2020-05-25T00:05:59.87,6077847,948695.0,948800.0,0.581002,0.1,1484.18307091,2180.13584709,948695.0,125587.36229012,5591.60743705
BTC_JPY,2020-05-25T00:06:04.3,6077942,948695.0,949300.0,0.5430050000000001,0.31,1474.48907391,2180.99286108,948730.0,125603.96080192,5591.49643279
BTC_JPY,2020-05-25T00:06:09.267,6078043,948695.0,949303.0,0.523007,0.54,1483.63751749,2177.88916108,949300.0,125621.40922825,5584.70615701
BTC_JPY,2020-05-25T00:06:15.023,6078152,948719.0,949389.0,0.1,0.5194,1482.73434481,2180.72696108,948719.0,125630.34947479,5586.10025701
BTC_JPY,2020-05-25T00:06:19.277,6078220,948630.0,948695.0,1.24,0.33109299999999997,1486.75944252,2182.5654748,948695.0,125654.69582244,5586.807081
BTC_JPY,2020-05-25T00:06:24.31,6078307,948696.0,949380.0,0.001,0.1,1485.08948069,2178.30251074,948630.0,125667.52595603,5589.1032909999985
BTC_JPY,2020-05-25T00:06:29.043,6078396,948650.0,949370.0,0.001,0.1,1486.23954448,2177.00071074,948630.0,125679.54412604,5589.1032909999985
BTC_JPY,2020-05-25T00:06:34.283,6078507,948630.0,949398.0,0.14479,0.29100000000000004,1482.82395202,2181.65294708,948741.0,125688.96637744,5590.255391
BTC_JPY,2020-05-25T00:06:40.11,6078629,948000.0,948558.0,0.7900010000000001,0.5542,1475.0740082,2185.83566526,948366.0,125715.99908800001,5593.12697999
BTC_JPY,2020-05-25T00:06:44.433,6078738,947620.0,948310.0,2.09,0.5403,1472.75207963,2185.84396538,947848.0,125712.38766442,5595.62019775
BTC_JPY,2020-05-25T00:06:49.043,6078876,947290.0,948629.0,0.32,0.5631,1479.92807824,2183.79639377,948054.0,125741.76979681,5600.18493775
BTC_JPY,2020-05-25T00:06:54.23,6078993,947070.0,948405.0,0.1,0.32,1478.02036206,2187.94175537,948054.0,125751.12738519,5600.18493775
BTC_JPY,2020-05-25T00:06:59.313,6079086,947428.0,948236.0,0.3143,0.32,1483.28006409,2187.59465538,947620.0,125760.25983668,5601.40720668
BTC_JPY,2020-05-25T00:07:04.29,6079199,947155.0,947995.0,0.29100000000000004,0.74624673,1477.30892106,2193.9434020999997,947460.0,125754.07024407,5601.39820668
BTC_JPY,2020-05-25T00:07:09.563,6079321,946775.0,947700.0,0.001,0.1,1476.19996879,2192.99571095,946766.0,125774.81638371,5600.14463251
BTC_JPY,2020-05-25T00:07:14.183,6079440,946775.0,947755.0,0.001,0.31,1480.28369191,2196.97988278,946766.0,125748.09467583,5595.922385800001
BTC_JPY,2020-05-25T00:07:19.237,6079538,947058.0,947123.0,0.1,0.009000000000000001,1481.34897589,2197.20788279,947123.0,125705.37559368,5595.9233848
BTC_JPY,2020-05-25T00:07:25.15,6079644,947103.0,947914.0,0.129,0.5691,1480.66391101,2196.92971792,947123.0,125701.37225716,5595.9323848
BTC_JPY,2020-05-25T00:10:09.553,6082427,945101.0,945548.0,0.57370085,0.1,1484.68823573,2198.13141811,945101.0,125580.30292305,5588.04993115
BTC_JPY,2020-05-25T00:10:13.437,6082493,945123.0,945669.0,0.28800000000000003,0.068,1486.6810039000006,2197.95344014,945670.0,125595.52066078,5579.68286315
BTC_JPY,2020-05-25T00:10:20.01,6082608,945932.0,946310.0,0.44999999,0.63,1489.08020093,2191.92852565,946285.0,125612.89807806,5576.04883114
BTC_JPY,2020-05-25T00:10:24.95,6082684,946110.0,946646.0,0.1,0.0895,1489.28752482,2194.30075862,946646.0,125623.19291466,5576.67433114
BTC_JPY,2020-05-25T00:10:29.263,6082752,946411.0,946751.0,0.47249999,0.1,1489.18281058,2195.07701008,946646.0,125633.03838245,5576.67288114
BTC_JPY,2020-05-25T00:10:33.923,6082796,946442.0,946751.0,0.001,0.1,1489.04981057,2194.88741008,946646.0,125644.6486642,5576.47288114
BTC_JPY,2020-05-25T00:10:39.403,6082839,946422.0,946751.0,0.15,0.1,1489.52301058,2192.73977182,946411.0,125664.66275414,5576.37733114
BTC_JPY,2020-05-25T00:10:44.997,6082909,946969.0,947100.0,0.44999999,0.295,1490.74469604,2191.6802896,947073.0,125672.60387910002,5577.59274166
BTC_JPY,2020-05-25T00:10:50.24,6082980,946969.0,947099.0,0.44999999,0.5401,1491.27916133,2191.88468819,946989.0,125677.64103993,5577.59474166
BTC_JPY,2020-05-25T00:10:54.247,6083067,946285.0,946546.0,0.5127,0.174183,1488.38240473,2191.73844879,946657.0,125687.01576169,5578.20644165
BTC_JPY,2020-05-25T00:10:59.31,6083178,946095.0,946379.0,0.47249999,1.5661183,1490.8635703,2193.55283174,946238.0,125701.69352209,5579.59844164
BTC_JPY,2020-05-25T00:11:05,6083318,945770.0,946163.0,0.00072461,0.6473,1486.48951489,2193.99766602,945770.0,125710.95076223,5581.27121702
BTC_JPY,2020-05-25T00:11:09.827,6083445,946000.0,946157.0,0.1,0.1,1487.7361703,2194.57823803,945670.0,125713.99086957,5580.88394163
BTC_JPY,2020-05-25T00:11:14.49,6083521,946020.0,946439.0,0.001,0.1,1490.35818822,2194.61752632,946000.0,125716.67364658,5580.84394163
BTC_JPY,2020-05-25T00:11:19.063,6083609,946052.0,946459.0,0.47249999,0.1,1494.50292812,2195.50526693,946460.0,125727.63779639,5581.01104163
BTC_JPY,2020-05-25T00:11:24.31,6083718,946482.0,947099.0,0.40349999,0.1,1500.45284429,2192.88146693,946482.0,125734.70863568,5581.22294163
BTC_JPY,2020-05-25T00:11:29.893,6083822,946928.0,947400.0,0.1,0.19000001,1499.40627361,2193.03738383,947400.0,125745.3977982,5581.63794162
BTC_JPY,2020-05-25T00:11:34.35,6083921,946660.0,947382.0,0.294,0.31,1493.57972585,2193.47674173,947400.0,125760.57031391,5581.63794162
BTC_JPY,2020-05-25T00:11:39.257,6083977,946829.0,947399.0,0.1,0.535,1496.75459953,2195.35896804,947400.0,125755.85018601,5581.63794162
BTC_JPY,2020-05-25T00:11:44.693,6084036,946849.0,947399.0,0.001,0.491,1493.8492994,2196.88674173,947399.0,125755.85513213,5580.89194162
BTC_JPY,2020-05-25T00:11:49.547,6084104,946869.0,947400.0,0.001,1.48900001,1497.22458964,2195.59844191,947400.0,125761.56559457,5581.14194162
BTC_JPY,2020-05-25T00:11:54.907,6084175,947168.0,947399.0,0.32,0.5294,1497.76418951,2197.16051541,947400.0,125765.33195848,5581.14194162
BTC_JPY,2020-05-25T00:11:59.427,6084228,947188.0,947400.0,0.001,1.28900001,1498.76318964,2195.63211541,947400.0,125768.77033822,5581.34194162
BTC_JPY,2020-05-25T00:12:04.437,6084285,947208.0,947400.0,0.001,0.3539295,1499.1563015999998,2194.40904472,947400.0,125775.74061973,5582.27701213
BTC_JPY,2020-05-25T00:12:08.837,6084342,947399.0,947400.0,0.31,0.1339275,1501.02345466,2194.82014272,947399.0,125776.27280595,5583.28701213
BTC_JPY,2020-05-25T00:12:14.957,6084381,947400.0,947680.0,0.001,1.2,1502.07848097,2191.37419782,947400.0,125765.57651374,5583.36093963
BTC_JPY,2020-05-25T00:12:19.69,6084410,947419.0,947680.0,0.001,1.2,1503.89045466,2191.63092413,947400.0,125767.13924304,5583.36093963
BTC_JPY,2020-05-25T00:12:23.877,6084446,947615.0,947680.0,0.32,1.2,1504.05445466,2191.07289782,947400.0,125777.40936511,5583.36093963
BTC_JPY,2020-05-25T00:15:09.47,6088342,950563.0,951544.0,0.1,0.5646,1491.55589114,2187.64842671,951545.0,126370.69814228,5617.44956337
BTC_JPY,2020-05-25T00:15:14.537,6088447,950611.0,951153.0,0.001,0.32,1488.81906514,2190.62468397,951544.0,126372.89136073,5617.45456395
BTC_JPY,2020-05-25T00:15:19.577,6088558,950406.0,951153.0,0.009000000000000001,0.22,1489.61966201,2189.44505453,950406.0,126389.73518557,5617.77656395
BTC_JPY,2020-05-25T00:15:24.543,6088616,950426.0,951153.0,0.001,0.040999999999999995,1489.40266201,2188.64045453,951153.0,126402.64276573,5617.95556395
BTC_JPY,2020-05-25T00:15:29.967,6088751,950606.0,951219.0,0.2,0.05,1492.50321163,2186.70255923,951153.0,126421.88695678,5617.99556395
BTC_JPY,2020-05-25T00:15:34.533,6088836,950609.0,951219.0,0.1,0.05,1492.22110032,2189.80365922,951153.0,126434.36457529,5617.50203591
BTC_JPY,2020-05-25T00:15:39.287,6088934,950630.0,951219.0,0.001,0.05,1492.55768969,2190.08366985,951153.0,126431.27609779999,5617.51203591
BTC_JPY,2020-05-25T00:15:44.72,6089002,950630.0,951219.0,0.001,0.05,1491.60940032,2191.44716984,951153.0,126438.72811809,5617.51203591
BTC_JPY,2020-05-25T00:15:49.997,6089093,950596.0,951218.0,0.1,0.4683,1492.98348969,2191.11616984,951151.0,126447.45882622,5618.51303591
BTC_JPY,2020-05-25T00:15:54.48,6089165,950598.0,951219.0,0.1,0.05,1493.17010068,2190.9560702,951151.0,126456.13903335,5618.51303591
BTC_JPY,2020-05-25T00:15:59.537,6089276,951149.0,951880.0,0.001,2.0,1494.15504972,2188.91095922,951500.0,126475.53393086,5618.63303591
BTC_JPY,2020-05-25T00:16:04.903,6089388,951219.0,951799.0,0.05,0.5158,1494.89378969,2189.46425922,951682.0,126481.50177875,5618.80103591
BTC_JPY,2020-05-25T00:16:09.497,6089472,951291.0,951879.0,0.001,0.5518,1498.37340509,2189.45027462,951880.0,126490.80683863,5619.80103591
BTC_JPY,2020-05-25T00:16:14.94,6089519,951311.0,951879.0,0.001,0.4998,1498.2276051,2187.82227462,951879.0,126486.69650387,5620.60803591
BTC_JPY,2020-05-25T00:16:19.743,6089639,950876.0,951799.0,0.0428,0.1,1492.23080093,2189.78854043,951000.0,126493.90191556,5621.63463591
BTC_JPY,2020-05-25T00:16:24.783,6089754,950775.0,951797.0,0.32,0.28800000000000003,1495.7990573,2190.30664043,951000.0,126495.62833812,5621.63463591
BTC_JPY,2020-05-25T00:16:29.927,6089920,950296.0,951066.0,0.001,0.6069,1494.77953325,2191.3849591999997,950377.0,126509.19358521,5623.1075359
BTC_JPY,2020-05-25T00:16:34.51,6090010,950153.0,950319.0,0.8,0.32,1490.70305439,2190.14825922,950153.0,126514.31173337,5623.75853589
BTC_JPY,2020-05-25T00:16:39.317,6090063,950137.0,950319.0,0.0020375999999999997,0.31,1492.13863346,2193.24202018,950153.0,126515.42112355,5623.72453589
BTC_JPY,2020-05-25T00:16:44.2,6090103,950137.0,950319.0,0.0010375999999999999,0.31,1494.14593346,2193.41675302,950137.0,126523.45517278,5623.71553589
BTC_JPY,2020-05-25T00:16:49.123,6090177,950000.0,950319.0,5.06000004,0.31,1489.69989573,2192.00678537,950131.0,126529.42072311,5623.82207349
BTC_JPY,2020-05-25T00:16:54.873,6090260,950000.0,950001.0,0.84207796,0.318,1487.06276921,2192.04110391,950000.0,126537.13496666,5630.05199557
BTC_JPY,2020-05-25T00:16:59.17,6090324,950000.0,950002.0,0.84107796,0.32,1483.86839746,2193.22070378,950000.0,126539.78285079,5630.37099557
BTC_JPY,2020-05-25T00:17:04.363,6090388,949579.0,950000.0,0.0349,0.16092204,1482.4369195,2193.2930260000007,950000.0,126542.35270293,5631.14707353
BTC_JPY,2020-05-25T00:17:10.447,6090555,949171.0,950000.0,0.1,0.15192206,1481.94717083,2190.76650748,950000.0,126556.55231529,5631.70697351
BTC_JPY,2020-05-25T00:17:14.463,6090630,949694.0,950000.0,0.1,0.00192206,1481.81615129,2191.08142603,950000.0,126574.43219152,5631.85697351
BTC_JPY,2020-05-25T00:17:19.32,6090738,949716.0,950131.0,0.297,0.1,1480.7436547,2189.77148541,950101.0,126594.01484191,5632.17889557
BTC_JPY,2020-05-25T00:17:25.11,6090913,950744.0,951131.0,0.001,0.1,1482.36570267,2186.46721104,950515.0,126628.43585837,5634.28889555
BTC_JPY,2020-05-25T00:20:09.297,6094088,949906.0,950108.0,0.18312106,0.299,1490.14982799,2191.17597093,950108.0,126970.05946785,5649.32203208
BTC_JPY,2020-05-25T00:20:14.74,6094173,950119.0,950755.0,0.2,0.32,1493.98431374,2189.67865257,950519.0,126982.85324063,5649.98503208
BTC_JPY,2020-05-25T00:20:19.807,6094273,950145.0,951131.0,0.2,0.1,1492.99586392,2187.56057746,951020.0,126993.79398354,5651.29503208
BTC_JPY,2020-05-25T00:20:25.067,6094394,950850.0,951750.0,0.29100000000000004,0.37249999,1498.92615358,2187.10275263,951750.0,127003.95885498,5651.50803159
BTC_JPY,2020-05-25T00:20:30.127,6094506,951085.0,951747.0,0.090001,0.5391,1497.26571252,2189.85534516,951085.0,127010.25830713,5653.27603059
BTC_JPY,2020-05-25T00:20:35.003,6094596,950907.0,951753.0,0.1,0.1,1497.46013985,2189.47384517,951039.0,127013.47159241,5653.29602959
BTC_JPY,2020-05-25T00:20:39,6094684,950949.0,951780.0,0.099,0.01,1497.93302873,2188.52406139,950949.0,127025.38012796,5654.29802959
BTC_JPY,2020-05-25T00:20:44.357,6094784,950947.0,951746.0,0.001,0.01,1498.24438696,2189.42106139,950949.0,127024.14788839998,5654.29802959
BTC_JPY,2020-05-25T00:20:50.753,6094880,951108.0,951759.0,0.005,0.3454,1498.44998696,2189.20866139,950949.0,127018.88078883,5654.09802959
BTC_JPY,2020-05-25T00:20:55.19,6094960,951128.0,951469.0,0.001,0.2452,1498.44998696,2188.90146139,950949.0,127016.75729038,5654.09802959
BTC_JPY,2020-05-25T00:21:00.087,6095060,950829.0,951384.0,0.44500049,0.01,1496.05789251,2192.4461614,950829.0,127022.0176921,5654.11002909
BTC_JPY,2020-05-25T00:21:04.463,6095147,950729.0,951222.0,0.001,0.1295,1496.95601661,2190.43177265,950729.0,127023.27129292,5654.56202908
BTC_JPY,2020-05-25T00:21:09.403,6095220,951000.0,951380.0,0.962003,0.1,1496.32141654,2192.77900105,951000.0,127029.9644478,5654.60202608
BTC_JPY,2020-05-25T00:21:14.283,6095281,951011.0,951377.0,0.030001,0.05,1495.3369717,2191.0216522,951011.0,127029.12214319,5654.71202208
BTC_JPY,2020-05-25T00:21:19.183,6095350,951047.0,951377.0,0.5512,0.05,1496.68180384,2189.71825202,951001.0,127032.795489,5654.89202103
BTC_JPY,2020-05-25T00:21:24.507,6095461,951048.0,951716.0,0.2097,0.1,1495.1064634000006,2190.34647265,951039.0,127038.05414591,5655.39002103
BTC_JPY,2020-05-25T00:21:29.7,6095544,951095.0,951695.0,0.1,0.32,1494.14878399,2190.81724518,951039.0,127045.18657858,5655.39002103
BTC_JPY,2020-05-25T00:21:34.337,6095622,951139.0,951693.0,0.1,0.5546,1493.08521132,2190.61084518,951039.0,127045.92371019,5655.39002103
BTC_JPY,2020-05-25T00:21:39.63,6095708,951170.0,951691.0,0.1,0.1,1493.56119732,2190.16024518,951039.0,127047.12285466,5655.39002103
BTC_JPY,2020-05-25T00:21:44.67,6095824,951000.0,951580.0,0.8378205,0.44999999,1490.18033848,2194.03994516,951000.0,127056.99160348,5656.24770652
BTC_JPY,2020-05-25T00:21:49.217,6095905,950712.0,950900.0,0.01,0.003,1491.50315743,2194.05795218,951000.0,127065.15236009,5657.19172702
BTC_JPY,2020-05-25T00:21:54.063,6095959,950732.0,950900.0,0.001,0.003,1492.33827787,2193.66425218,951000.0,127055.39815177,5657.06972702
BTC_JPY,2020-05-25T00:21:59.117,6096033,950900.0,951224.0,0.1,0.1,1492.90207545,2192.76407021,950900.0,127054.1102504,5656.70272702
BTC_JPY,2020-05-25T00:22:04.397,6096111,950712.0,951187.0,0.01,0.11,1492.81767787,2194.8231702,950920.0,127049.27342138,5656.15372676
BTC_JPY,2020-05-25T00:22:09.707,6096260,950151.0,950705.0,0.001,0.11,1491.82430944,2196.96374233,950131.0,127050.16156557,5656.33372476
BTC_JPY,2020-05-25T00:22:13.943,6096325,950000.0,950470.0,0.758003,0.1,1495.23677804,2195.10160893,950000.0,127055.95123245,5656.54672276
BTC_JPY,2020-05-25T00:22:20.137,6096424,950031.0,950761.0,0.001,0.13,1491.81299772,2193.04360893,950022.0,127050.86214673,5656.56572176
BTC_JPY,2020-05-25T00:22:24.583,6096482,950051.0,950734.0,0.001,0.13,1495.29609772,2194.02562861,950769.0,127051.01938739,5655.6490405
BTC_JPY,2020-05-25T00:25:09.367,6098362,951258.0,951512.0,0.001,0.5556,1500.76269623,2191.65308082,951238.0,127206.39874364,5659.69123533
BTC_JPY,2020-05-25T00:25:14.54,6098488,950761.0,951350.0,0.32,0.4789,1500.90339333,2192.56125685,951502.0,127226.93591511,5661.64473532
BTC_JPY,2020-05-25T00:25:19.243,6098600,950540.0,951013.0,0.1,0.001,1499.56339735,2193.639242,951502.0,127233.89879418,5661.64473532
BTC_JPY,2020-05-25T00:25:24.433,6098696,950571.0,951000.0,0.1,0.7999,1499.76189735,2197.1189879,950998.0,127231.71666197,5660.60964193
BTC_JPY,2020-05-25T00:25:30.023,6098804,950131.0,950300.0,0.1,0.001,1502.09685205,2209.686223,950499.0,127246.37802422,5669.10216151
BTC_JPY,2020-05-25T00:25:34.54,6098866,950000.0,950465.0,0.049,0.5561,1497.8551800999999,2219.126723,950000.0,127259.78431902,5669.53416151
BTC_JPY,2020-05-25T00:25:40.117,6098972,949550.0,949999.0,0.17156712,0.3514929,1495.84109847,2218.24160615,949690.0,127260.48623843,5666.38126861
BTC_JPY,2020-05-25T00:25:44.767,6099048,949350.0,949550.0,1.13,0.7999,1496.62993135,2219.67960615,949500.0,127259.26045234,5666.37046861
BTC_JPY,2020-05-25T00:25:49.113,6099093,949350.0,949550.0,0.629,1.1029,1497.31274671,2220.65068744,949350.0,127266.36421278,5666.87346861
BTC_JPY,2020-05-25T00:25:54.793,6099203,949116.0,949549.0,0.049,0.1,1495.76072542,2220.10968744,949116.0,127269.92397421,5667.17551061
BTC_JPY,2020-05-25T00:26:00.08,6099283,948778.0,949115.0,0.05,0.45,1493.95959578,2220.20046592,949113.0,127287.96460724,5667.59551061
BTC_JPY,2020-05-25T00:26:05.037,6099390,948808.0,949000.0,0.001,0.3,1494.64624283,2220.30417319,949115.0,127294.18685858,5667.73651061
BTC_JPY,2020-05-25T00:26:08.05,6099415,948808.0,949000.0,0.001,1.0979,1497.88624284,2219.75777319,949115.0,127301.63873839998,5667.73651061
BTC_JPY,2020-05-25T00:26:14.23,6099451,948828.0,949000.0,0.001,0.9179,1495.45916351,2219.89309401,949000.0,127305.14317869,5667.91651061
BTC_JPY,2020-05-25T00:26:20.077,6099502,948848.0,949000.0,0.001,0.9179,1496.74234385,2219.44949401,949000.0,127320.00204871,5667.91651061
BTC_JPY,2020-05-25T00:26:24.483,6099543,948788.0,948828.0,0.25,0.272,1500.75497483,2219.77402512,948828.0,127324.44426124,5667.70951061
BTC_JPY,2020-05-25T00:26:30.12,6099591,948500.0,948688.0,2.18174595,0.001,1497.69537437,2221.42362512,948828.0,127326.11014331,5667.71051061
BTC_JPY,2020-05-25T00:26:34.793,6099644,948575.0,948807.0,0.001,0.32,1500.54688499,2220.81705047,948688.0,127341.17676226,5667.91351061
BTC_JPY,2020-05-25T00:26:39.903,6099698,948798.0,948828.0,0.998,0.271,1497.40586091,2221.38503055,948798.0,127338.02416189,5667.91551061
BTC_JPY,2020-05-25T00:26:44.263,6099766,948798.0,949013.0,0.2001,0.5536,1497.89396091,2220.32173054,948798.0,127336.61908039999,5668.71441061
BTC_JPY,2020-05-25T00:26:49.6,6099819,948688.0,948798.0,0.599,0.2639,1498.84786091,2223.95603054,948688.0,127334.54159824,5669.14151061
BTC_JPY,2020-05-25T00:26:53.807,6099836,948708.0,948798.0,0.001,0.1929,1498.47196091,2223.88503054,948798.0,127337.97357923,5668.85351061
BTC_JPY,2020-05-25T00:26:59.717,6099871,948688.0,948798.0,0.098,0.1609,1496.70463311,2224.40145046,948688.0,127319.26902788,5668.45551061
BTC_JPY,2020-05-25T00:27:04.073,6099914,948688.0,948797.0,0.09699999999999999,0.05,1497.26763324,2224.43055047,948797.0,127319.97153265,5668.45751061
BTC_JPY,2020-05-25T00:27:09.197,6099968,948500.0,948608.0,1.405,0.001,1497.72006715,2225.70928451,948500.0,127316.3602375,5669.36051061
BTC_JPY,2020-05-25T00:27:14.587,6099994,948500.0,948608.0,0.40299999999999997,0.001,1496.43196728,2225.96828451,948500.0,127332.94521134,5670.36251061
BTC_JPY,2020-05-25T00:27:19.84,6100089,948130.0,948400.0,1.9,0.001,1493.74361919,2224.76548453,948441.0,127344.50734939,5670.86551061
BTC_JPY,2020-05-25T00:27:24.48,6100147,948131.0,948400.0,0.17187239,0.001,1492.22048623,2225.26415157,948130.0,127365.54131575,5671.83551061
BTC_JPY,2020-05-25T00:30:10.033,6103407,946966.0,947338.0,0.01,0.08999789999999999,1500.96292654,2220.19804728,947330.0,127819.51039996,5695.69162445
BTC_JPY,2020-05-25T00:30:14.867,6103549,946992.0,947819.0,0.1,0.32,1500.0106228,2221.46586678,946988.0,127831.65001034,5696.30962235
BTC_JPY,2020-05-25T00:30:19.057,6103642,946986.0,947800.0,0.1,0.05,1493.7238615,2220.35582905,946988.0,127859.92516097,5696.30962235
BTC_JPY,2020-05-25T00:30:24.687,6103756,947007.0,947609.0,0.1359,0.32,1496.72799971,2219.16392904,947402.0,127923.36260736,5694.64032135
BTC_JPY,2020-05-25T00:30:29.48,6103877,947178.0,947835.0,0.1,0.32,1494.99713331,2216.91644938,947402.0,127929.3337744,5694.64032135
BTC_JPY,2020-05-25T00:30:34.85,6104017,947185.0,947835.0,0.001,0.32,1497.4587429,2217.04774931,947402.0,127916.08052831,5694.64032135
BTC_JPY,2020-05-25T00:30:39.457,6104136,947500.0,947841.0,2.0,0.049,1498.8978429,2216.56576169,947402.0,127916.14293886,5694.54032135
BTC_JPY,2020-05-25T00:30:44.37,6104200,947521.0,947841.0,0.001,0.049,1500.08113065,2216.58316168,947501.0,127926.21728717,5694.63976631
BTC_JPY,2020-05-25T00:30:50.427,6104273,947501.0,947508.0,0.11,0.158,1499.82918998,2219.03674007,947508.0,127931.14141494,5694.63476783
BTC_JPY,2020-05-25T00:30:55.087,6104332,947501.0,947841.0,0.5209,0.049,1499.43082018,2218.27944008,947508.0,127934.08245535,5694.79276783
BTC_JPY,2020-05-25T00:30:59.807,6104456,947433.0,947740.0,0.1,0.32,1500.45102258,2217.83536171,947402.0,127951.61222999,5697.61905789
BTC_JPY,2020-05-25T00:31:05.22,6104510,947502.0,947740.0,0.1,1.0,1501.80224491,2219.80336171,947501.0,127960.78224283,5697.61005789
BTC_JPY,2020-05-25T00:31:09.08,6104537,947522.0,947740.0,0.001,1.0,1501.35324492,2218.30186171,947501.0,127961.12791973,5697.61005789
BTC_JPY,2020-05-25T00:31:14.23,6104605,947600.0,947841.0,0.05,0.049,1503.40524491,2216.83570036,947740.0,127965.74348477,5698.51005789
BTC_JPY,2020-05-25T00:31:20.033,6104713,947640.0,948421.0,0.2,0.5441,1499.09725508,2217.66328191,947841.0,127967.09396252,5698.55905789
BTC_JPY,2020-05-25T00:31:25.123,6104843,947663.0,948397.0,0.0632,0.09944496,1499.84731647,2216.248127,947841.0,127974.6517644,5698.55905789
BTC_JPY,2020-05-25T00:31:29.887,6104988,948305.0,948460.0,0.05,0.45877512,1503.93947339,2215.11075715,948460.0,127976.35007582,5698.73928277
BTC_JPY,2020-05-25T00:31:34.31,6105074,948226.0,948580.0,0.4363,0.93,1506.44192119,2215.64666982,948580.0,127976.35394127,5699.26805789
BTC_JPY,2020-05-25T00:31:40.183,6105215,948275.0,949063.0,0.1,0.5453,1506.68886558,2214.83204945,948580.0,127979.32804778,5699.26705789
BTC_JPY,2020-05-25T00:31:43.81,6105300,948550.0,948941.0,0.1054,0.1,1509.23569818,2215.40100243,948280.0,127985.1570373,5698.44555067
BTC_JPY,2020-05-25T00:31:49.94,6105452,948441.0,949253.0,0.6719,0.32,1510.00069816,2215.21594945,948550.0,127988.37829705,5698.55095067
BTC_JPY,2020-05-25T00:31:54.307,6105570,948571.0,949243.0,0.001,0.1,1509.33254925,2215.70345352,948550.0,127997.3786604,5698.55095067
BTC_JPY,2020-05-25T00:31:59.183,6105678,948702.0,949295.0,0.3897,0.32,1509.06884925,2215.09245352,948550.0,128000.40312153,5698.55095067
BTC_JPY,2020-05-25T00:32:04.96,6105784,948723.0,949313.0,0.001,0.2,1504.74884518,2216.95005352,948550.0,128005.49325825,5698.30995267
BTC_JPY,2020-05-25T00:32:09.063,6105857,948723.0,948955.0,0.001,0.32,1505.66244925,2216.44315338,948550.0,128012.80594333,5698.30995267
BTC_JPY,2020-05-25T00:32:14.61,6105931,948743.0,949169.0,0.001,0.32,1506.61084925,2216.22734945,948550.0,128011.66699893,5698.00635789
BTC_JPY,2020-05-25T00:32:19.373,6106020,948763.0,949169.0,0.001,0.32,1506.18704911,2216.36865352,948550.0,128011.02492973,5697.95635789
BTC_JPY,2020-05-25T00:32:24.237,6106119,948801.0,949441.0,0.44999999,0.1,1509.26503062,2214.06804945,948677.0,128019.89321673,5697.95835789
BTC_JPY,2020-05-25T00:35:09.48,6108436,950047.0,950343.0,0.1,0.02999987,1502.34091389,2215.28457623,950343.0,128111.33649315,5699.08825625
BTC_JPY,2020-05-25T00:35:14.127,6108557,950583.0,950918.0,0.1748,0.1,1504.9153275,2205.43719738,950500.0,128141.02707144,5710.20053654
BTC_JPY,2020-05-25T00:35:19.893,6108679,950943.0,951000.0,0.05,0.3520821,1503.20839488,2196.54479455,951000.0,128164.68852659,5719.94745444
BTC_JPY,2020-05-25T00:35:25.05,6108764,950664.0,950999.0,0.30000013,0.49,1504.1174189,2199.26679455,950963.0,128194.24877577,5720.13345444
BTC_JPY,2020-05-25T00:35:29.333,6108854,950737.0,950999.0,0.2,0.479,1505.65582536,2196.43163309,950689.0,128213.01284538,5720.14645444
BTC_JPY,2020-05-25T00:35:34.703,6108952,950803.0,950999.0,0.0577,0.1686,1506.01516385,2197.06149473,950802.0,128225.00741749999,5720.45885444
BTC_JPY,2020-05-25T00:35:39.52,6109025,950806.0,950999.0,0.1,0.1686,1504.14226103,2198.83867522,950806.0,128234.73379635,5720.50785444
BTC_JPY,2020-05-25T00:35:44.193,6109098,950826.0,950998.0,0.001,0.1,1504.16496386,2199.62586914,950806.0,128229.54533822,5720.40785394
BTC_JPY,2020-05-25T00:35:49.64,6109145,950846.0,950998.0,0.001,0.087382,1506.39240599,2198.65725114,950998.0,128229.02899627,5720.41947194
BTC_JPY,2020-05-25T00:35:54.983,6109166,950846.0,950998.0,0.001,0.08238200000000001,1504.29120599,2199.46590901,950998.0,128226.74349039,5720.42447194
BTC_JPY,2020-05-25T00:35:59.323,6109214,950866.0,950998.0,0.001,0.061349,1506.5233714,2198.60288342,950998.0,128230.68153694,5720.38550494
BTC_JPY,2020-05-25T00:36:04.077,6109277,950998.0,950999.0,0.07,0.007949,1505.69776387,2195.05638355,950999.0,128230.86890991,5720.60650494
BTC_JPY,2020-05-25T00:36:09.717,6109345,950998.0,950999.0,0.04300699,0.005949,1504.1083259000006,2194.42378324,950998.0,128234.67090292,5720.64549795
BTC_JPY,2020-05-25T00:36:14.557,6109447,951023.0,951441.0,0.099,0.1,1506.22904732,2191.74584491,951023.0,128232.31982631,5720.80052905
BTC_JPY,2020-05-25T00:36:20.233,6109579,951133.0,951441.0,0.5526,0.1,1504.63443561,2192.64504491,951023.0,128234.61329362,5720.79952905
BTC_JPY,2020-05-25T00:36:24.5,6109678,951153.0,951441.0,0.2,0.1,1504.2637622000002,2192.81634794,951023.0,128239.46360445,5720.78952905
BTC_JPY,2020-05-25T00:36:29.497,6109765,950998.0,951440.0,0.14100699,0.5892,1506.68959527,2195.48754491,951166.0,128243.75142379,5721.29052905
BTC_JPY,2020-05-25T00:36:34.253,6109829,951023.0,951405.0,0.3,0.1,1502.86011495,2194.99382219,951166.0,128244.38940139,5721.29052905
BTC_JPY,2020-05-25T00:36:40.053,6109906,951044.0,951166.0,0.05,0.1,1502.73036621,2194.16462206,951166.0,128236.78149197,5720.97452905
BTC_JPY,2020-05-25T00:36:44.643,6110007,951056.0,951441.0,0.05,0.1,1501.84248894,2192.43882219,951166.0,128241.72389007,5721.14452905
BTC_JPY,2020-05-25T00:36:49.71,6110090,951166.0,951441.0,0.001,0.1,1503.77146622,2196.15582219,951166.0,128243.13878499999,5721.14352905
BTC_JPY,2020-05-25T00:36:53.967,6110156,951166.0,951513.0,0.008,0.003,1502.40166622,2195.66374491,951166.0,128249.57318499999,5721.26052905
BTC_JPY,2020-05-25T00:36:59.193,6110288,951187.0,951489.0,0.049,0.1,1501.22954439,2195.73411841,951187.0,128250.77347375,5721.26052905
BTC_JPY,2020-05-25T00:37:04.727,6110409,951188.0,951513.0,0.2,0.003,1502.10619943,2194.16534491,951166.0,128247.99661506,5721.46052905
BTC_JPY,2020-05-25T00:37:09.747,6110512,951187.0,951502.0,0.10099999999999999,0.1,1501.97720321,2193.89042219,951188.0,128248.96300601,5721.65152905
BTC_JPY,2020-05-25T00:37:14.713,6110643,950500.0,950928.0,1.99e-06,0.1,1495.05356576,2196.64541823,950500.0,128268.71788176,5724.68008909
BTC_JPY,2020-05-25T00:37:19.4,6110790,949820.0,950395.0,0.91,0.5749,1494.6130604,2196.29180483,949870.0,128294.37234604,5727.15909108
BTC_JPY,2020-05-25T00:37:24.653,6110930,949475.0,950152.0,0.3,0.1,1495.83579838,2197.27353004,950753.0,128306.23959695,5731.37909108
BTC_JPY,2020-05-25T00:40:09.713,6113196,949452.0,950148.0,0.6265,1.0,1499.25240438,2200.10075296,949567.0,128381.04159189,5736.22052416
BTC_JPY,2020-05-25T00:40:13.98,6113296,949567.0,950440.0,0.02,1.0,1504.02103677,2197.30198727,949567.0,128385.42953575,5736.22052416
BTC_JPY,2020-05-25T00:40:19.833,6113463,949858.0,950441.0,0.6242,0.1,1504.00433825,2197.30398727,949569.0,128393.54560975,5736.41952416
BTC_JPY,2020-05-25T00:40:25.03,6113596,949906.0,950441.0,0.05,0.1,1504.27123639,2198.1465526,949569.0,128398.75477205,5736.41952416
BTC_JPY,2020-05-25T00:40:29.943,6113667,949940.0,950441.0,0.001,0.1,1503.49051881,2198.3981526,949569.0,128402.71192422,5736.41452416
BTC_JPY,2020-05-25T00:40:34.02,6113776,950373.0,950670.0,0.3,0.48999988,1504.08028507,2196.64384213,950670.0,128424.63158611,5737.11375957
BTC_JPY,2020-05-25T00:40:39.21,6113893,950690.0,950846.0,0.001,0.06059999,1501.15832886,2198.19024357,950846.0,128431.16658003,5738.44215945
BTC_JPY,2020-05-25T00:40:44.61,6113939,950694.0,950846.0,0.4369,0.06059999,1500.0676575999994,2198.19024357,950846.0,128432.47909255,5738.44115945
BTC_JPY,2020-05-25T00:40:49.263,6114020,950716.0,950846.0,0.001,0.06059999,1499.13675106,2198.58024357,950846.0,128436.66246863,5738.43115945
BTC_JPY,2020-05-25T00:40:54.877,6114166,950364.0,951003.0,0.4275,0.22,1510.09990375,2197.30634011,951003.0,128445.24140593,5738.75026094
BTC_JPY,2020-05-25T00:40:59.49,6114262,950615.0,951002.0,0.424,0.1,1509.91724722,2197.49768741,951003.0,128445.87940593,5738.74926094
BTC_JPY,2020-05-25T00:41:04.46,6114356,950790.0,951166.0,0.001,0.03,1503.86328923,2197.47812556,950772.0,128454.13478372,5738.63126094
BTC_JPY,2020-05-25T00:41:09.787,6114437,950770.0,951165.0,0.36310773,0.05,1502.76589674,2199.46772533,950770.0,128446.18463845,5739.56515421
BTC_JPY,2020-05-25T00:41:14.907,6114492,951003.0,951165.0,0.01,0.6501,1504.08599673,2199.14772533,950790.0,128451.07242153,5739.56615421
BTC_JPY,2020-05-25T00:41:19.45,6114538,950790.0,951166.0,0.08900000000000001,0.03,1503.50989675,2199.34372533,950790.0,128450.78422153,5739.57715421
BTC_JPY,2020-05-25T00:41:24.353,6114592,950810.0,951003.0,0.001,0.5,1503.0618935,2199.29309593,950790.0,128452.37476105,5739.57615421
BTC_JPY,2020-05-25T00:41:28.927,6114634,950810.0,951001.0,0.001,0.05,1502.50024798,2200.73372208,950790.0,128451.22600563,5739.36615421
BTC_JPY,2020-05-25T00:41:34.34,6114664,950790.0,951001.0,0.097,0.6001,1502.77624798,2200.68372208,950790.0,128450.99888071,5739.36815421
BTC_JPY,2020-05-25T00:41:40.093,6114716,950440.0,950996.0,0.94,0.1,1501.33970558,2201.63382208,950770.0,128451.00337741,5739.92826194
BTC_JPY,2020-05-25T00:41:44.807,6114795,950460.0,950854.0,0.001,0.32,1500.82436096,2200.64062556,950770.0,128458.38387294,5739.92826194
BTC_JPY,2020-05-25T00:41:49.957,6114877,950460.0,950998.0,0.001,0.30000013,1501.78896095,2201.44928741,950854.0,128460.59561338,5739.93043294
BTC_JPY,2020-05-25T00:41:54.017,6114986,950001.0,950386.0,0.05,0.1,1500.51738114,2203.2249844000007,950387.0,128463.73887358,5741.08243294
BTC_JPY,2020-05-25T00:41:59.21,6115037,950000.0,950386.0,0.03,0.09,1499.35214286,2204.21531055,950386.0,128462.00732219,5741.08233694
BTC_JPY,2020-05-25T00:42:05.297,6115077,950000.0,950386.0,0.029,0.09,1499.14355024,2202.82786877,950000.0,128462.81956162,5739.86333694
BTC_JPY,2020-05-25T00:42:09.967,6115130,950020.0,950383.0,0.001,0.598,1499.82812002,2204.43546456,950000.0,128463.24011219,5739.86533694
BTC_JPY,2020-05-25T00:42:14.583,6115200,950000.0,950386.0,0.027000000000000003,0.67960013,1503.90850775,2203.90706456,950000.0,128457.38404455,5739.85743294
BTC_JPY,2020-05-25T00:42:19.707,6115306,950020.0,950278.0,0.001,0.512,1499.06003048,2205.20816456,950280.0,128459.81585024,5740.85843294
BTC_JPY,2020-05-25T00:42:24.983,6115364,950000.0,950370.0,0.07542199,0.15,1501.40260031,2203.30633841,950000.0,128470.34378762,5740.86743095
BTC_JPY,2020-05-25T00:45:09.767,6118223,949363.0,950088.0,0.6532,0.5113,1497.50788316,2206.25351572,949806.0,128637.96580552,5761.32037436
BTC_JPY,2020-05-25T00:45:14.333,6118328,949626.0,950319.0,0.001,0.05,1498.40815493,2205.49631572,949806.0,128650.97568644,5761.32037436
BTC_JPY,2020-05-25T00:45:19.3,6118457,949299.0,950167.0,0.32,0.32,1495.67194277,2205.82281571,949637.0,128669.43898031,5761.43137436
BTC_JPY,2020-05-25T00:45:24.477,6118582,949342.0,950100.0,0.001,1.0,1496.81918546,2206.35664623,949637.0,128675.57594149,5761.43137436
BTC_JPY,2020-05-25T00:45:29.77,6118692,949807.0,950297.0,0.6487,0.1369,1498.40066389,2206.57674623,949637.0,128683.02927581,5761.43137436
BTC_JPY,2020-05-25T00:45:34.163,6118804,950327.0,950590.0,0.099,0.02269999,1497.90934986,2203.1823321999996,950590.0,128696.08792007,5763.30117436
BTC_JPY,2020-05-25T00:45:39.513,6118887,950207.0,950590.0,0.3938,0.02269999,1498.80664985,2204.0548321999995,950351.0,128704.69565794,5763.30217436
BTC_JPY,2020-05-25T00:45:45.443,6118985,950229.0,950590.0,0.1,1.02269999,1500.59694985,2206.2421321999996,950351.0,128707.41041245,5763.30217436
BTC_JPY,2020-05-25T00:45:49.553,6119049,949962.0,950588.0,0.47249999,0.1,1495.18805562,2207.64273797,950217.0,128706.99107127,5763.70217436
BTC_JPY,2020-05-25T00:45:54.953,6119137,949963.0,950499.0,0.099,0.05,1498.11005597,2208.15983833,950500.0,128716.21315257,5763.21417436
BTC_JPY,2020-05-25T00:45:59.47,6119233,949884.0,950469.0,0.44999999,0.6312,1498.02051059,2208.32949306,950500.0,128716.00031869,5763.21417436
BTC_JPY,2020-05-25T00:46:04.693,6119337,949983.0,950278.0,0.001,0.6789,1498.59968717,2208.61609306,950463.0,128716.66385019998,5763.41417436
BTC_JPY,2020-05-25T00:46:09.38,6119474,948767.0,948868.0,0.6111761,0.45065865,1489.82156669,2210.48381277,948868.0,128745.44964818,5767.72297234
BTC_JPY,2020-05-25T00:46:14.193,6119625,948341.0,948574.0,0.001,1.0,1490.25903426,2206.37045399,948290.0,128773.57706021,5768.36114744
BTC_JPY,2020-05-25T00:46:20.36,6119807,948341.0,948833.0,0.001,0.2,1492.63536908,2205.61635413,948835.0,128792.30697377,5768.38014954
BTC_JPY,2020-05-25T00:46:24.58,6119893,948361.0,948949.0,0.001,0.15,1492.90111436,2208.91784441,948835.0,128798.2891049,5768.38014954
BTC_JPY,2020-05-25T00:46:29.257,6119962,948500.0,948819.0,0.1,0.1,1493.42511436,2209.00024441,948835.0,128796.83994281,5768.07014941
BTC_JPY,2020-05-25T00:46:34.303,6120061,948562.0,949266.0,0.6401,0.15,1498.48302879,2207.22657241,948835.0,128802.12457781,5768.07014941
BTC_JPY,2020-05-25T00:46:39.313,6120205,948520.0,949240.0,0.001,0.1268,1493.33402879,2209.44490312,948835.0,128807.75169312,5768.05734954
BTC_JPY,2020-05-25T00:46:45.087,6120347,948835.0,949171.0,0.1,0.1,1498.84377546,2208.30181284,948835.0,128809.32861341,5768.05734954
BTC_JPY,2020-05-25T00:46:48.98,6120430,948762.0,949311.0,0.6391,0.2,1498.57313692,2208.19630312,948762.0,128803.91418949999,5768.15834954
BTC_JPY,2020-05-25T00:46:55.03,6120561,948782.0,949265.0,0.001,0.5617,1497.20837849,2208.32871633,948762.0,128806.51045964,5768.15834954
BTC_JPY,2020-05-25T00:46:58.987,6120660,948761.0,949185.0,3.19700572,0.31,1494.58579729,2209.28401633,948761.0,128800.23653979,5768.71334382
BTC_JPY,2020-05-25T00:47:04.177,6120751,948500.0,948518.0,0.079002,1.0,1492.58755042,2210.96206362,948500.0,128811.42626594,5771.93134754
BTC_JPY,2020-05-25T00:47:09.59,6120823,948321.0,948399.0,0.099,0.05,1492.15483009,2210.52266389,948321.0,128815.94941372,5772.93234954
BTC_JPY,2020-05-25T00:47:13.51,6120875,948399.0,948500.0,0.001,0.00210676,1494.8911205999998,2209.58411037,948399.0,128827.78301308,5773.88234993
BTC_JPY,2020-05-25T00:47:19.233,6120962,948280.0,948500.0,0.70800174,0.00210676,1492.95472983,2211.73211038,948495.0,128836.19925737,5773.89334993
BTC_JPY,2020-05-25T00:47:24.237,6121061,948580.0,948835.0,0.1,0.05,1494.75674984,2207.99681285,948777.0,128842.42911376,5774.99645669
BTC_JPY,2020-05-25T00:50:09.76,6123825,948615.0,949217.0,0.30000013,0.1,1500.61360283,2209.56737067,948620.0,128650.07818768,5760.06342081
BTC_JPY,2020-05-25T00:50:14.263,6123925,948551.0,949191.0,0.29800013,0.7374,1499.44710286,2210.17737067,948551.0,128651.03711726,5760.06642081
BTC_JPY,2020-05-25T00:50:19.973,6124029,948551.0,948552.0,0.30000013,1.44183235,1498.98410287,2210.18080302,948552.0,128665.17456591,5774.68058946
BTC_JPY,2020-05-25T00:50:24.587,6124103,948551.0,948552.0,0.30000013,5.71827189,1499.47095706,2214.87798462,948552.0,128667.77912342,5778.24731757
BTC_JPY,2020-05-25T00:50:28.963,6124245,949102.0,949617.0,0.05,0.0865,1501.14159687,2208.19551286,949462.0,128692.59408468,5785.26558946
BTC_JPY,2020-05-25T00:50:34.997,6124361,949623.0,950000.0,0.32,0.22019392,1500.19383737,2208.21791047,949462.0,128696.45273382,5785.26558946
BTC_JPY,2020-05-25T00:50:39.983,6124441,949549.0,949999.0,0.05,0.1,1502.11419402,2207.20121286,949462.0,128694.591846,5785.05558946
BTC_JPY,2020-05-25T00:50:44.583,6124485,949447.0,949999.0,0.30000013,0.1,1500.75619402,2207.28491047,949462.0,128698.41741073,5785.05558946
BTC_JPY,2020-05-25T00:50:49.343,6124529,949448.0,949999.0,0.05,0.1,1499.09719402,2205.28491047,949462.0,128699.63975124,5785.00558946
BTC_JPY,2020-05-25T00:50:54.723,6124568,949447.0,949999.0,0.30000013,0.1,1501.02419402,2205.28491047,949462.0,128692.17676954,5784.75458946
BTC_JPY,2020-05-25T00:50:59.337,6124666,949446.0,949998.0,0.32,0.7403,1500.88759641,2206.76561317,949447.0,128693.38720027,5784.54958933
BTC_JPY,2020-05-25T00:51:03.447,6124749,949466.0,949986.0,0.001,0.7403,1499.54219673,2206.07941317,949447.0,128684.8360503,5784.34958933
BTC_JPY,2020-05-25T00:51:09.467,6124827,949319.0,949466.0,0.05,0.019,1500.2831933,2212.42240974,949466.0,128677.61504236,5784.35058933
BTC_JPY,2020-05-25T00:51:14.187,6124881,949395.0,949466.0,0.39900013,0.019,1500.2111933,2215.35661285,949395.0,128680.25025133,5784.35158933
BTC_JPY,2020-05-25T00:51:19.423,6124917,949396.0,949466.0,0.098,0.018000000000000002,1499.53720595,2215.68122239,949396.0,128679.91501967,5784.35358933
BTC_JPY,2020-05-25T00:51:24.49,6125003,949395.0,950066.0,0.30000013,0.7406,1498.28120595,2215.30732847,949396.0,128675.9724316,5786.35358933
BTC_JPY,2020-05-25T00:51:29.51,6125112,949396.0,950033.0,0.05,0.1,1498.58018318,2214.3374057,950034.0,128673.74787205,5786.3545891999975
BTC_JPY,2020-05-25T00:51:34.12,6125216,949316.0,950186.0,0.00099999,0.2,1496.48618319,2215.1640056999995,949316.0,128672.32702864,5786.8845892
BTC_JPY,2020-05-25T00:51:39.783,6125362,949466.0,950128.0,0.003,0.1,1498.68672041,2214.53804293,949316.0,128655.32102877,5786.68458933
BTC_JPY,2020-05-25T00:51:44.533,6125466,949486.0,949992.0,0.001,0.1,1499.01672041,2214.83254293,950000.0,128642.14294848,5786.68558933
BTC_JPY,2020-05-25T00:51:49.713,6125517,949486.0,949893.0,0.001,0.1,1498.71659671,2215.35761936,950000.0,128640.89528307,5786.68558933
BTC_JPY,2020-05-25T00:51:54.46,6125595,949415.0,950138.0,0.001,0.05,1497.92109684,2215.44811936,949881.0,128642.09578307,5786.53558933
BTC_JPY,2020-05-25T00:51:58.98,6125675,949500.0,950113.0,0.053,0.05,1497.48359685,2213.90241894,949881.0,128641.03337362,5786.53558933
BTC_JPY,2020-05-25T00:52:04.123,6125801,949597.0,950047.0,0.1,0.1,1497.80606971,2211.28070434,949503.0,128666.41724431,5796.64558933
BTC_JPY,2020-05-25T00:52:08.117,6125901,949695.0,949696.0,0.83,8.00596202,1498.54747937,2221.52335436,949696.0,128682.48438793,5800.81566031
BTC_JPY,2020-05-25T00:52:14.417,6126026,949344.0,949727.0,0.15,0.309,1497.13443575,2214.7475109,949415.0,128698.02965437,5801.44117631
BTC_JPY,2020-05-25T00:52:19.603,6126130,949373.0,949880.0,0.2,0.39999499,1498.88053575,2224.6955059,949880.0,128698.68820383,5802.95998281
BTC_JPY,2020-05-25T00:52:24.17,6126200,949396.0,949550.0,0.2,6.58881746,1500.06403575,2229.7593196,949880.0,128700.76766601,5802.95998281
BTC_JPY,2020-05-25T00:55:09.387,6129649,949000.0,949001.0,0.0073799999999999985,9.365999,1506.74007379,2236.62777041,949001.0,128841.01119322,5829.34364149
BTC_JPY,2020-05-25T00:55:14.817,6129675,949000.0,949001.0,0.0073799999999999985,9.25579808,1508.03207366,2236.34256949,949001.0,128836.38130774,5829.24384241
BTC_JPY,2020-05-25T00:55:19.807,6129701,949000.0,949001.0,0.057379999999999994,9.03079808,1508.19141073,2235.0675695,949001.0,128830.74462549,5829.35884241
BTC_JPY,2020-05-25T00:55:23.823,6129730,949000.0,949001.0,0.057379999999999994,7.82879808,1508.40293386,2233.86542957,949001.0,128831.40650231,5830.56084241
BTC_JPY,2020-05-25T00:55:29.32,6129793,948900.0,949000.0,0.009000000000000001,0.0026190000000000002,1507.80255386,2235.32692544,948900.0,128803.68642432,5830.26022328
BTC_JPY,2020-05-25T00:55:35.01,6129873,948809.0,949003.0,0.001,0.089999,1509.84717212,2228.70344875,949004.0,128797.41800273,5830.53352328
BTC_JPY,2020-05-25T00:55:39.81,6129962,948816.0,949087.0,0.6176,7.55749695,1508.87749151,2232.74510531,949006.0,128801.60264102,5830.83452341
BTC_JPY,2020-05-25T00:55:44.423,6130058,949288.0,949343.0,0.29100952,0.018000000000000002,1508.20487849,2223.84111741,949128.0,128803.10511467,5832.94451493
BTC_JPY,2020-05-25T00:55:48.923,6130157,949001.0,949187.0,0.2,0.5747,1507.07370103,2233.63461397,949096.0,128796.07203262,5833.28852445
BTC_JPY,2020-05-25T00:55:54.073,6130204,949001.0,949029.0,0.2,0.001,1510.39120699,2233.39291976,949001.0,128795.85222266,5833.28952445
BTC_JPY,2020-05-25T00:55:59.033,6130272,949002.0,949006.0,0.1,1.7479,1514.51090699,2234.01531975,949020.0,128796.83508152,5835.42052445
BTC_JPY,2020-05-25T00:56:04.717,6130347,949003.0,949006.0,0.19899999999999998,1.4669,1510.07485333,2234.17333603,949003.0,128799.42055439999,5835.70002445
BTC_JPY,2020-05-25T00:56:09.57,6130372,949003.0,949006.0,0.049,1.406899,1511.82485333,2235.06333502,949006.0,128796.86412703,5835.76002545
BTC_JPY,2020-05-25T00:56:14.537,6130420,949005.0,949006.0,0.30000013,1.374898,1508.26085333,2235.03133402,949006.0,128798.0538339,5835.79102645
BTC_JPY,2020-05-25T00:56:19.03,6130456,949005.0,949006.0,0.05,1.06389687,1504.21065333,2234.87033289,949006.0,128798.35070436,5836.10202758
BTC_JPY,2020-05-25T00:56:24.92,6130508,949002.0,949006.0,0.05,1.04289587,1504.70265333,2234.69933189,949006.0,128801.17377783,5836.12302858
BTC_JPY,2020-05-25T00:56:29.68,6130543,949004.0,949006.0,0.2,2.04189587,1504.53365333,2235.37933189,949006.0,128800.79796262,5836.12402858
BTC_JPY,2020-05-25T00:56:34.95,6130623,948831.0,949006.0,0.05,1.14089548,1503.79965333,2234.7273315,949006.0,128803.14003084,5837.6620291
BTC_JPY,2020-05-25T00:56:40.007,6130653,948831.0,949006.0,0.05,1.09789548,1504.56965333,2234.8353315,949006.0,128787.50303084,5837.705029100001
BTC_JPY,2020-05-25T00:56:42.62,6130667,948832.0,949006.0,0.2,1.09789548,1505.03965333,2234.8353315,949000.0,128786.51853258,5837.870029100001
BTC_JPY,2020-05-25T00:56:48.92,6130689,948833.0,948902.0,0.15,0.001,1505.83215333,2234.6853315000008,949006.0,128785.10123666,5837.8710291
BTC_JPY,2020-05-25T00:56:54.803,6130751,948842.0,949006.0,0.15,1.06689248,1505.82615333,2234.6543285,949006.0,128782.79495238,5837.901032100001
BTC_JPY,2020-05-25T00:56:59.73,6130806,948851.0,949006.0,0.05,0.98588448,1505.02365333,2234.10082051,949006.0,128776.20425842,5837.892040100001
BTC_JPY,2020-05-25T00:57:04.653,6130893,948218.0,948791.0,0.31,6.35149643,1499.71201474,2233.95601752,948553.0,128787.43727284,5840.7203431
BTC_JPY,2020-05-25T00:57:09.607,6130967,948219.0,948497.0,0.2,6.35149643,1500.07361888,2235.45420017,948553.0,128800.02506560001,5840.7203431
BTC_JPY,2020-05-25T00:57:14.51,6131020,948222.0,948638.0,0.05,0.099,1500.51869812,2229.14871387,948638.0,128811.82906560002,5846.1313431
BTC_JPY,2020-05-25T00:57:20.063,6131112,947986.0,948300.0,0.002,0.32,1496.89893876,2230.46029122,948000.0,128830.99650823,5850.62883416
BTC_JPY,2020-05-25T00:57:24.227,6131262,948421.0,949496.0,0.32,0.5,1499.37827055,2222.68231725,949309.0,128868.48843458,5852.5863261999975
BTC_JPY,2020-05-25T01:00:10.027,6135371,949500.0,949715.0,0.01,5.29230065,1510.04892215,2225.68336327,949712.0,129025.40650080002,5871.64472525
BTC_JPY,2020-05-25T01:00:14.8,6135533,949077.0,949495.0,0.2,0.1,1508.78437102,2222.30149146,949506.0,129030.50493166,5871.69722525
BTC_JPY,2020-05-25T01:00:19.167,6135651,948874.0,948997.0,0.15,0.001,1507.15858439,2228.32959276,949097.0,129028.07154769,5871.90822735
BTC_JPY,2020-05-25T01:00:24.063,6135728,948872.0,948997.0,0.001,0.001,1508.18115283,2226.93849463,949097.0,129026.61337037,5871.90822735
BTC_JPY,2020-05-25T01:00:29.063,6135816,948872.0,949416.0,0.001,0.1,1507.91989168,2228.57559463,948997.0,129021.91800123,5871.90922735
BTC_JPY,2020-05-25T01:00:34.007,6135902,948894.0,949400.0,0.4823,0.25,1508.2574154,2227.71715912,948997.0,129025.74220511,5871.60922722
BTC_JPY,2020-05-25T01:00:39.877,6136020,949224.0,949493.0,0.006,5.29230065,1507.3122154,2226.73358324,948997.0,129025.28962982,5871.60922722
BTC_JPY,2020-05-25T01:00:44.45,6136104,948997.0,949482.0,0.023,0.1,1507.41667451,2227.07354208,949493.0,129024.54255962,5871.62522722
BTC_JPY,2020-05-25T01:00:49.183,6136196,948872.0,949406.0,0.001,0.344998,1506.84159168,2227.9174915,949469.0,129036.56827215,5871.74822722
BTC_JPY,2020-05-25T01:00:54.947,6136277,948892.0,949344.0,0.001,0.1,1508.97393026,2228.83989583,949469.0,129034.6233078,5871.66822735
BTC_JPY,2020-05-25T01:00:59.043,6136378,948631.0,949244.0,0.31,0.1,1510.23003026,2227.96089582,948627.0,129036.33935105,5871.55522735
BTC_JPY,2020-05-25T01:01:04.5,6136495,948651.0,948948.0,0.001,0.1,1506.77519168,2230.22684997,948960.0,129041.53865869,5871.55722735
BTC_JPY,2020-05-25T01:01:09.967,6136641,948185.0,948813.0,0.05,0.1,1507.42602566,2228.77848762,948823.0,129053.96136648,5871.80822735
BTC_JPY,2020-05-25T01:01:14.74,6136741,948196.0,948772.0,0.31,0.6038,1511.42119512,2222.74798711,948823.0,129059.31367021,5871.80822735
BTC_JPY,2020-05-25T01:01:19.093,6136845,948225.0,948732.0,0.15,0.1,1511.93455056,2227.95151255,948823.0,129061.4745905,5870.70722735
BTC_JPY,2020-05-25T01:01:24.39,6136929,948342.0,948950.0,0.1,0.30000013,1514.28735056,2225.32745925,948784.0,129061.91954693,5870.83722735
BTC_JPY,2020-05-25T01:01:29.647,6137007,948362.0,948950.0,0.001,0.30000013,1509.03275761,2226.89602161,948784.0,129058.68549197,5870.53722722
BTC_JPY,2020-05-25T01:01:35.033,6137053,948362.0,948949.0,0.001,0.17156236,1509.94275761,2226.89602161,948784.0,129054.37309096,5870.53722722
BTC_JPY,2020-05-25T01:01:40.05,6137166,948000.0,948357.0,0.69800008,0.1,1504.64907641,2221.34247828,948000.0,129083.19433729,5872.12922523
BTC_JPY,2020-05-25T01:01:44.333,6137218,948023.0,948356.0,0.001,0.3292,1507.72697641,2227.34335924,948000.0,129089.70612152,5872.12922523
BTC_JPY,2020-05-25T01:01:49.78,6137275,948023.0,948356.0,0.001,0.3237,1508.84515472,2227.51156348,948000.0,129091.45950069,5872.09122523
BTC_JPY,2020-05-25T01:01:55.033,6137350,948043.0,948357.0,0.001,0.1,1508.23545472,2222.96696283,948000.0,129091.89726298,5872.09122523
BTC_JPY,2020-05-25T01:01:59.293,6137415,948043.0,948356.0,0.001,0.1717037,1505.22815855,2228.11386295,948003.0,129092.00266917,5871.88122523
BTC_JPY,2020-05-25T01:02:03.793,6137456,948043.0,948255.0,0.001,0.2195,1504.27415842,2222.1699985,948356.0,129099.69898760002,5873.84012523
BTC_JPY,2020-05-25T01:02:08.78,6137540,947500.0,947706.0,0.01,0.089999,1499.37208484,2225.41449803,947501.0,129125.28011868,5875.37075631
BTC_JPY,2020-05-25T01:02:14.42,6137744,947005.0,947550.0,0.101,0.077998,1499.56754724,2223.4389367,947005.0,129143.09009582,5876.62275631
BTC_JPY,2020-05-25T01:02:19.127,6137855,946723.0,947303.0,0.2,0.685998,1500.1328418,2226.60074292,947045.0,129156.82419902,5878.34375631
BTC_JPY,2020-05-25T01:02:24.767,6137993,946743.0,947496.0,0.001,0.32,1501.91484422,2225.61594427,947306.0,129176.38519782,5879.91000631
BTC_JPY,2020-05-25T01:05:09.443,6139932,947273.0,947300.0,3.85201363,0.04941896,1514.50854421,2225.99594093,947273.0,129287.44565978,5891.32737078
BTC_JPY,2020-05-25T01:05:14.98,6139982,947062.0,947178.0,0.15,0.1,1508.33912463,2223.85594093,947272.0,129287.66428153,5896.04193338
BTC_JPY,2020-05-25T01:05:19.327,6140090,946917.0,946950.0,0.001,5.773194,1512.64177588,2225.24696008,946951.0,129305.03130492,5896.34386237
BTC_JPY,2020-05-25T01:05:24.66,6140180,946892.0,947272.0,0.5329999999999999,0.48899899999999996,1507.84627574,2220.31877322,946960.0,129317.47782612,5902.12788357
BTC_JPY,2020-05-25T01:05:29.88,6140230,946892.0,946893.0,0.633,5.623179,1511.41397587,2225.81203623,946892.0,129304.38242017,5901.65837805
BTC_JPY,2020-05-25T01:05:34.977,6140288,946716.0,946926.0,0.2,0.93,1506.79447587,2221.29345724,946893.0,129303.26967172,5902.36737805
BTC_JPY,2020-05-25T01:05:39.26,6140326,946724.0,946918.0,0.05,0.61459,1509.33512461,2226.69362624,946918.0,129304.71637802,5902.37638805
BTC_JPY,2020-05-25T01:05:44.58,6140395,946518.0,946892.0,0.2,0.048998,1509.94800433,2226.7526626999997,946892.0,129308.32937519,5902.40739105
BTC_JPY,2020-05-25T01:05:49.11,6140466,946525.0,946892.0,0.31,0.008995,1511.09600905,2225.63806443,946892.0,129309.32977357,5902.44739405
BTC_JPY,2020-05-25T01:05:55.05,6140622,946922.0,947124.0,0.2814,2.80517439,1511.31141591,2222.32444389,947272.0,129318.98868603,5906.43361558
BTC_JPY,2020-05-25T01:05:59.393,6140711,946931.0,947193.0,0.6372,2.80517439,1511.79821604,2222.30284389,947272.0,129320.03085390001,5906.42361658
BTC_JPY,2020-05-25T01:06:04.477,6140831,946939.0,947223.0,0.05,2.35503622,1511.74054708,2221.76877167,947248.0,129321.12540341,5906.94862434
BTC_JPY,2020-05-25T01:06:09.823,6140944,947002.0,947300.0,0.2,2.42445518,1511.96155144,2219.48877903,947248.0,129317.54039491,5906.78361584
BTC_JPY,2020-05-25T01:06:14.28,6141049,947653.0,948052.0,0.247,0.1,1511.29570461,2211.85300402,947652.0,129329.52610707,5909.53909802
BTC_JPY,2020-05-25T01:06:18.957,6141208,947768.0,948209.0,0.6556,0.09,1507.98248489,2214.32904646,948209.0,129355.34420326,5910.74809902
BTC_JPY,2020-05-25T01:06:25.077,6141360,947809.0,948219.0,1.0,0.1,1509.88752861,2215.27200001,948209.0,129357.03557878,5910.74809902
BTC_JPY,2020-05-25T01:06:30.23,6141466,947883.0,948219.0,1.0,0.1,1512.88226044,2215.3955456999997,948209.0,129355.4223066,5910.74809902
BTC_JPY,2020-05-25T01:06:34.367,6141546,947971.0,948220.0,1.0,0.21998299999999998,1511.29936031,2215.2472327,948220.0,129360.01946156,5910.88811202
BTC_JPY,2020-05-25T01:06:39.42,6141592,948001.0,948220.0,0.6486,0.21998299999999998,1511.10771474,2215.2472327,948220.0,129362.07734412,5910.88811202
BTC_JPY,2020-05-25T01:06:44.887,6141732,947432.0,947937.0,0.47249999,0.6993,1504.09288772,2220.95804771,947488.0,129377.13878865,5913.11310603
BTC_JPY,2020-05-25T01:06:50.17,6141881,947280.0,947636.0,0.799,0.7004,1504.98472375,2218.40428018,947280.0,129378.89920648,5913.16660502
BTC_JPY,2020-05-25T01:06:54.88,6141938,947262.0,947600.0,0.27349999,0.05,1502.91572375,2218.70218017,947262.0,129388.88289797,5914.14503682
BTC_JPY,2020-05-25T01:06:58.987,6142003,947248.0,947565.0,0.00649999,0.04,1503.3982311,2218.5663803,947564.0,129384.33485409,5914.52203682
BTC_JPY,2020-05-25T01:07:04.63,6142102,947280.0,947560.0,0.051,0.65,1503.52393123,2219.98588029,947564.0,129382.2056365,5914.52203682
BTC_JPY,2020-05-25T01:07:09.02,6142153,947280.0,947558.0,0.05,0.65,1504.09396895,2227.98591801,947280.0,129381.59152551,5914.52303682
BTC_JPY,2020-05-25T01:07:14.797,6142275,947300.0,947811.0,0.001,0.04,1504.47789895,2225.65140399,947280.0,129383.75165963,5914.52303682
BTC_JPY,2020-05-25T01:07:20.143,6142377,947248.0,947778.0,0.00649999,0.319499,1505.89979895,2225.35401703,947778.0,129381.42490959,5913.91028678
BTC_JPY,2020-05-25T01:07:25.02,6142482,947312.0,947811.0,0.6547,0.04,1505.56849895,2224.79971803,947800.0,129381.03090988,5915.80028678
BTC_JPY,2020-05-25T01:10:09.437,6145172,946531.0,946959.0,0.001,0.08898269,1506.51697195,2234.08708414,946511.0,129459.5678677,5927.38791028
BTC_JPY,2020-05-25T01:10:14.57,6145239,946553.0,947063.0,0.099,0.32,1505.45685166,2233.30648129,946553.0,129463.80897376,5928.47889297
BTC_JPY,2020-05-25T01:10:19.05,6145324,946551.0,947120.0,0.001,0.16,1509.61030815,2234.03777167,946564.0,129455.70596338,5927.91989297
BTC_JPY,2020-05-25T01:10:24.843,6145413,946532.0,946938.0,0.1,0.32,1509.48235905,2233.54192754,946501.0,129450.35273559,5927.73654497
BTC_JPY,2020-05-25T01:10:29.793,6145513,946521.0,947201.0,0.001,0.16,1507.21197049,2233.96168313,946501.0,129446.01146217,5926.61654497
BTC_JPY,2020-05-25T01:10:34.377,6145584,946541.0,947197.0,0.001,0.6639,1511.63317049,2232.78678313,946501.0,129435.53909552,5926.61654497
BTC_JPY,2020-05-25T01:10:39.3,6145670,946596.0,947197.0,0.1,0.05,1513.13487567,2231.89538818,946565.0,129432.02225164,5926.76654497
BTC_JPY,2020-05-25T01:10:44.72,6145751,946646.0,947197.0,0.1,0.05,1512.26296468,2232.52317669,946565.0,129427.12779968,5926.76654497
BTC_JPY,2020-05-25T01:10:50.08,6145850,946512.0,947227.0,0.099,0.05,1512.84121522,2232.83317669,946565.0,129437.48666488,5926.76654497
BTC_JPY,2020-05-25T01:10:55.317,6145909,946554.0,947279.0,0.1,0.1,1512.97881522,2231.1979197,947280.0,129438.84076545,5927.84655297
BTC_JPY,2020-05-25T01:10:59.02,6145989,946584.0,947279.0,0.2616,0.09000001,1515.27204006,2229.27613891,946584.0,129446.92160503,5927.95655296
BTC_JPY,2020-05-25T01:11:04.63,6146062,946636.0,947000.0,0.05,5.0,1515.98084006,2236.34593691,947279.0,129450.92400703,5928.07995496
BTC_JPY,2020-05-25T01:11:09.647,6146150,946812.0,947500.0,0.32,3.99878686,1514.77693993,2229.46821455,947500.0,129456.91335225,5934.0611601
BTC_JPY,2020-05-25T01:11:15.243,6146216,946721.0,947497.0,0.001,0.7217,1514.60262086,2230.32973277,947499.0,129460.48513121,5934.07217741
BTC_JPY,2020-05-25T01:11:19.747,6146331,946701.0,947269.0,0.099,0.7170000000000001,1513.14546824,2233.64939657,946701.0,129463.14669813,5934.17517741
BTC_JPY,2020-05-25T01:11:24.94,6146460,946701.0,947246.0,0.099,0.667,1513.47629795,2233.43761452,946701.0,129463.32312085,5934.17517741
BTC_JPY,2020-05-25T01:11:29.783,6146533,946721.0,947196.0,0.001,0.05,1513.25529795,2233.24253882,946701.0,129463.21412085,5934.17717741
BTC_JPY,2020-05-25T01:11:34.11,6146585,946701.0,947149.0,0.097,0.667,1513.54429795,2233.86253882,946701.0,129460.97160999,5934.17717741
BTC_JPY,2020-05-25T01:11:39.77,6146652,946701.0,947234.0,0.096,0.667,1514.44329795,2234.06253882,946701.0,129460.79796365,5933.97918041
BTC_JPY,2020-05-25T01:11:45.123,6146757,946261.0,946686.0,0.01,0.08861278,1510.49140307,2232.66194949,946500.0,129464.36115387,5935.60537063
BTC_JPY,2020-05-25T01:11:49.29,6146878,946000.0,946161.0,1.35000012,0.001,1506.5130203,2234.05241876,946052.0,129497.12011702,5936.21537063
BTC_JPY,2020-05-25T01:11:54.7,6147021,946022.0,946626.0,0.308,0.6247,1513.36926072,2231.06954652,946022.0,129515.56088123,5936.88107273
BTC_JPY,2020-05-25T01:11:59.663,6147132,946053.0,946619.0,0.001,0.05,1515.93626072,2231.19724664,946022.0,129525.59622589998,5936.87107273
BTC_JPY,2020-05-25T01:12:04.927,6147304,946205.0,946521.0,0.32,0.452588,1516.91963123,2216.44366323,946521.0,129561.41373210002,5937.42098472
BTC_JPY,2020-05-25T01:12:09.947,6147403,946250.0,946744.0,0.5194,0.41999699,1513.94218858,2216.63602454,946744.0,129583.42623121,5938.00357572
BTC_JPY,2020-05-25T01:12:15.25,6147523,946296.0,946732.0,0.001,0.1,1506.29065725,2221.893236,946744.0,129590.26581147,5938.05358072
BTC_JPY,2020-05-25T01:12:19.207,6147575,946206.0,946706.0,0.052000000000000005,0.05,1508.90844089,2220.71323394,946744.0,129606.98809285,5938.11258282
BTC_JPY,2020-05-25T01:12:24.523,6147681,946006.0,946721.0,0.07100099,0.6569,1507.49300103,2221.62223394,946744.0,129617.12696576,5938.11258282
BTC_JPY,2020-05-25T01:15:08.853,6150848,947287.0,947750.0,0.001,2.0,1518.69800854,2213.58267381,947709.0,129768.61628222,5959.1234333
BTC_JPY,2020-05-25T01:15:14,6150972,947322.0,947750.0,0.1,0.91865102,1514.19888769,2210.63426255,947750.0,129778.33689909,5960.40478228
BTC_JPY,2020-05-25T01:15:19.16,6151133,947655.0,948090.0,0.1877,2.27007701,1518.29690676,2209.927422500001,948090.0,129786.5275868,5961.59496015
BTC_JPY,2020-05-25T01:15:24.737,6151219,947842.0,948090.0,0.001,0.63417351,1518.11820676,2209.7618190000007,948090.0,129797.69109994,5962.84675307
BTC_JPY,2020-05-25T01:15:30.03,6151340,948323.0,948758.0,0.32,0.44999999,1518.00762939,2207.14551149,948757.0,129805.41509437,5963.62121758
BTC_JPY,2020-05-25T01:15:35.027,6151448,948001.0,948741.0,0.05,0.0688,1517.53465892,2211.44980956,948741.0,129817.1853669,5968.42456069
BTC_JPY,2020-05-25T01:15:39.47,6151561,948002.0,948757.0,0.20199999999999999,0.00108,1516.83452485,2209.58173221,948757.0,129827.09923816,5968.76879511
BTC_JPY,2020-05-25T01:15:44.97,6151618,948014.0,948758.0,0.15,0.31684657,1518.93742398,2211.64842321,948758.0,129833.34193110002,5968.85880411
BTC_JPY,2020-05-25T01:15:50.03,6151763,947750.0,947901.0,0.05,0.5899989999999999,1512.43461444,2215.13941832,947901.0,129853.91438657,5969.95770899
BTC_JPY,2020-05-25T01:15:54.78,6151876,947439.0,947895.0,0.0094,0.06498269,1514.64120175,2212.79745871,947895.0,129868.39274561,5970.0347273
BTC_JPY,2020-05-25T01:15:59.59,6151994,947437.0,947895.0,0.04,0.02,1517.88320175,2213.29875784,947895.0,129871.14076272,5970.0347273
BTC_JPY,2020-05-25T01:16:04.93,6152076,947458.0,947895.0,0.05,0.02,1517.97710165,2213.15695785,947895.0,129871.62575045,5969.8547283
BTC_JPY,2020-05-25T01:16:10.037,6152164,947490.0,948229.0,0.41,0.0450787,1518.17788334,2213.32255486,948229.0,129878.08306043,5969.90463129
BTC_JPY,2020-05-25T01:16:14.813,6152271,947915.0,948229.0,0.001,0.0330777,1518.01952285,2214.19619336,947895.0,129879.14909482,5968.91763229
BTC_JPY,2020-05-25T01:16:19.153,6152352,947895.0,948229.0,0.009000000000000001,0.0330777,1516.52536526,2213.88634666,947895.0,129876.78676367,5968.91763229
BTC_JPY,2020-05-25T01:16:23.777,6152409,947895.0,948229.0,0.008,0.0330777,1518.14408335,2213.87620728,947895.0,129864.79111367,5968.91863229
BTC_JPY,2020-05-25T01:16:29.607,6152470,947601.0,947880.0,0.05,0.004,1512.58137225,2214.17160729,947464.0,129868.52331274,5968.9626253
BTC_JPY,2020-05-25T01:16:34.997,6152604,947437.0,947864.0,0.04,0.5761,1516.89618335,2220.14020727,947864.0,129879.14012671,5968.7176253
BTC_JPY,2020-05-25T01:16:39.287,6152676,947457.0,947999.0,0.001,0.10000013,1516.65458663,2215.47417451,947999.0,129884.03129301,5973.00873904
BTC_JPY,2020-05-25T01:16:44.337,6152740,947477.0,947990.0,0.001,0.3441,1515.06066433,2215.61827464,948000.0,129871.55435902,5973.43874004
BTC_JPY,2020-05-25T01:16:48.927,6152849,947218.0,947894.0,0.1,0.05,1512.97558542,2216.89296464,947437.0,129873.32362856,5973.51074004
BTC_JPY,2020-05-25T01:16:54.31,6152948,947557.0,947888.0,0.0659223,0.05,1517.19520772,2217.29306464,947557.0,129870.13960558,5973.52874004
BTC_JPY,2020-05-25T01:16:59.957,6153048,947847.0,947895.0,0.1,0.008790000000000001,1512.88469787,2212.55698775,947556.0,129870.83252587,5974.08974004
BTC_JPY,2020-05-25T01:17:04.503,6153191,947556.0,948000.0,0.0049223,0.96245665,1514.47381742,2211.72276708,948000.0,129892.75957429,5975.84735978
BTC_JPY,2020-05-25T01:17:10.007,6153264,947599.0,947999.0,0.1,0.099,1514.69435255,2210.86926721,947999.0,129905.05039992,5975.42831257
BTC_JPY,2020-05-25T01:17:14.18,6153303,947618.0,947999.0,0.1,0.19899999999999998,1512.44185273,2214.4381672,947999.0,129906.43033786,5975.42831257
BTC_JPY,2020-05-25T01:17:19.953,6153353,947618.0,947999.0,0.1,0.198,1511.70935273,2214.15216738,947999.0,129913.87633786,5975.42931257
BTC_JPY,2020-05-25T01:17:24.747,6153418,947649.0,947999.0,0.1,0.187999,1515.88565273,2214.66216638,947999.0,129914.73553241,5975.43831357
BTC_JPY,2020-05-25T01:20:09.89,6156719,946536.0,947333.0,0.2,0.45,1511.28257287,2215.06798226,947362.0,130047.95062415,5979.3003469
BTC_JPY,2020-05-25T01:20:14.71,6156785,946559.0,947308.0,0.2,0.2336,1510.30917287,2214.61668226,947320.0,130051.04293963,5979.5503469
BTC_JPY,2020-05-25T01:20:19.02,6156866,946580.0,947262.0,0.05,0.2397,1510.20941518,2214.34928988,947320.0,130052.1687172,5979.5503469
BTC_JPY,2020-05-25T01:20:24.573,6156965,946412.0,946559.0,0.32,0.09939054,1508.14941518,2214.43915797,946559.0,130053.52934843,5979.70195636
BTC_JPY,2020-05-25T01:20:29.703,6157046,946492.0,947165.0,0.05,0.1318,1508.38160669,2213.79688939,947167.0,130055.83258505,5979.81126729
BTC_JPY,2020-05-25T01:20:34.277,6157136,946521.0,947241.0,0.1,0.1246,1507.63260669,2214.22968939,947241.0,130058.7107124,5979.81346729
BTC_JPY,2020-05-25T01:20:39.293,6157270,946520.0,947067.0,0.05,0.0019996,1508.26179326,2214.11507556,947067.0,130059.4237128,5979.92846769
BTC_JPY,2020-05-25T01:20:45.057,6157369,946545.0,947067.0,0.05,0.0019996,1510.08259326,2214.05007556,947067.0,130056.79232877,5979.75929949
BTC_JPY,2020-05-25T01:20:50,6157447,946566.0,947320.0,0.05,0.18,1509.74239326,2215.47807596,947067.0,130051.9382987,5979.75929949
BTC_JPY,2020-05-25T01:20:55.013,6157508,946567.0,946967.0,0.05,0.002,1511.80139326,2214.96007596,947067.0,130050.1946687,5979.76929949
BTC_JPY,2020-05-25T01:20:59.24,6157592,946402.0,946967.0,0.05,0.002,1511.82230222,2215.13437557,947067.0,130051.01481194,5979.76929949
BTC_JPY,2020-05-25T01:21:04.697,6157687,946400.0,946952.0,0.047,0.44999999,1512.18630326,2216.68570844,946422.0,130054.79554501,5979.86529949
BTC_JPY,2020-05-25T01:21:09.397,6157764,946201.0,946791.0,0.05,0.1,1513.79085643,2218.75002459,946200.0,130060.960416,5980.57229949
BTC_JPY,2020-05-25T01:21:14.917,6157822,946221.0,946790.0,0.001,0.18,1513.23385643,2221.77862458,946201.0,130059.18904227,5980.03329949
BTC_JPY,2020-05-25T01:21:19.667,6157861,946241.0,946776.0,0.001,0.18,1512.7562965999994,2221.75866462,946422.0,130048.34355654,5980.13329949
BTC_JPY,2020-05-25T01:21:23.843,6157908,946242.0,946763.0,0.05,0.1,1512.2543965999994,2220.73257555,946422.0,130050.55828988,5980.13329949
BTC_JPY,2020-05-25T01:21:29.893,6158091,947033.0,947047.0,0.30000013,0.41497685,1510.66581878,2213.03845232,947047.0,130091.53374865,5981.61432259
BTC_JPY,2020-05-25T01:21:35.09,6158195,946983.0,947218.0,0.05,0.06409501,1513.37410257,2215.47230834,947218.0,130104.52032359,5982.23020443
BTC_JPY,2020-05-25T01:21:39.227,6158267,946988.0,947283.0,0.05,0.44999999,1514.21377414,2215.13438046,947218.0,130109.88075691,5982.29421083
BTC_JPY,2020-05-25T01:21:44.75,6158364,947008.0,947282.0,0.001,0.5171,1511.93237415,2217.77152816,947283.0,130112.47621404,5982.30466783
BTC_JPY,2020-05-25T01:21:49.257,6158461,946501.0,946908.0,0.2,0.001,1510.37396958,2218.20156625,946871.0,130117.17023772,5982.71666783
BTC_JPY,2020-05-25T01:21:54.68,6158562,946501.0,946908.0,0.2,0.001,1511.88443711,2216.75259112,946871.0,130120.01786363,5982.71666783
BTC_JPY,2020-05-25T01:21:59.707,6158637,946522.0,947041.0,0.05,0.5151,1513.29152083,2218.17072359,946871.0,130122.30198681,5982.71666783
BTC_JPY,2020-05-25T01:22:04.413,6158748,946543.0,947081.0,0.05,0.18,1510.21392082,2217.70564813,946231.0,130133.89478681,5983.21666783
BTC_JPY,2020-05-25T01:22:10.15,6158883,946547.0,947090.0,0.05,0.29100000000000004,1509.45462082,2216.538948,946231.0,130136.72106609,5983.21666783
BTC_JPY,2020-05-25T01:22:14.36,6158997,946232.0,947044.0,0.2,0.5115,1512.11171444,2216.95844614,946231.0,130138.26168106,5983.81666783
BTC_JPY,2020-05-25T01:22:19.517,6159103,946587.0,947041.0,0.001,0.5115,1510.82290825,2215.94037848,946567.0,130134.76586262,5983.81766783
BTC_JPY,2020-05-25T01:22:24.82,6159223,946587.0,946893.0,0.001,0.5115,1510.70095643,2219.38590133,946567.0,130132.22411756,5983.81766783
BTC_JPY,2020-05-25T01:25:09.843,6162326,946177.0,946602.0,0.001,0.30000013,1521.74032027,2216.46895577,946590.0,130229.16201656,5987.04524998
BTC_JPY,2020-05-25T01:25:15.913,6162426,946188.0,946604.0,0.1,0.32,1522.45793812,2216.99467364,946590.0,130229.45101656,5987.04524998
BTC_JPY,2020-05-25T01:25:19.047,6162466,945900.0,946603.0,0.15,0.5198,1521.67443813,2216.67267351,946188.0,130228.64369685,5987.06324998
BTC_JPY,2020-05-25T01:25:23.983,6162594,945967.0,946603.0,0.001,0.5198,1522.07161959,2218.48644668,946188.0,130235.29590307,5987.09334998
BTC_JPY,2020-05-25T01:25:29.47,6162689,946061.0,946377.0,0.71,0.5198,1520.89108351,2222.59041901,946383.0,130242.56593221,5987.12334998
BTC_JPY,2020-05-25T01:25:35.02,6162756,946061.0,946358.0,0.69900199,0.5198,1522.4336439,2222.99307754,946061.0,130243.11218569,5987.13534799
BTC_JPY,2020-05-25T01:25:39.24,6162812,945832.0,946252.0,0.1,0.6222,1520.76614202,2222.54727754,945641.0,130242.72718569,5988.08534799
BTC_JPY,2020-05-25T01:25:44.163,6162879,945915.0,946253.0,0.7,0.32,1520.85411959,2223.05667753,945641.0,130243.05918569,5988.08534799
BTC_JPY,2020-05-25T01:25:49.637,6162947,945915.0,945916.0,0.7,9.379,1521.81921845,2231.18875394,945936.0,130242.3827033,5988.08734799
BTC_JPY,2020-05-25T01:25:54.827,6162966,945915.0,945916.0,0.6,9.376,1521.59721845,2231.21755394,945916.0,130242.69750124,5988.19034799
BTC_JPY,2020-05-25T01:25:57.453,6162977,945915.0,945916.0,0.599,9.365,1520.59621845,2230.75655395,945915.0,130245.46468838,5988.20234799
BTC_JPY,2020-05-25T01:26:04.147,6162996,945915.0,945916.0,0.599,9.362,1520.36316841,2230.45350378,945916.0,130247.14952988,5988.00534799
BTC_JPY,2020-05-25T01:26:09.18,6163013,945915.0,945916.0,0.599,9.36,1520.36316841,2230.75150391,945916.0,130246.35972888,5987.76416699
BTC_JPY,2020-05-25T01:26:14.12,6163072,945611.0,945612.0,0.1,9.06316428,1518.36066842,2230.11326819,945612.0,130242.51215141,5988.66000271
BTC_JPY,2020-05-25T01:26:19.34,6163137,945600.0,945601.0,1.0285,6.85527472,1520.39416842,2227.48457863,945601.0,130245.89379335,5991.49039227
BTC_JPY,2020-05-25T01:26:24.22,6163189,945642.0,945916.0,0.05,0.15,1523.14452075,2221.51610391,945608.0,130253.20906907,5998.35566799
BTC_JPY,2020-05-25T01:26:29.457,6163278,945641.0,945916.0,3.21673028,0.05,1522.76452075,2222.14510391,945653.0,130254.29307807,5998.70067699
BTC_JPY,2020-05-25T01:26:34.827,6163362,945641.0,945916.0,1.31893028,0.05,1521.74172075,2222.63080391,945674.0,130259.43287807,6000.71047699
BTC_JPY,2020-05-25T01:26:40.003,6163456,945641.0,945662.0,0.86963028,9.285991000000001,1520.67596716,2231.88494131,945661.0,130262.41185823,6001.16077699
BTC_JPY,2020-05-25T01:26:44.74,6163555,945710.0,946181.0,0.3175,0.1,1520.35616683,2218.28615012,946182.0,130271.45805444,6003.44497999
BTC_JPY,2020-05-25T01:26:49.643,6163678,945771.0,946186.0,0.001,0.1,1520.69426696,2219.03144784,946187.0,130270.98381737,6003.50979758
BTC_JPY,2020-05-25T01:26:54.943,6163785,945695.0,945772.0,0.001,0.5458,1519.62787194,2227.35653484,945772.0,130273.37036224,6003.83829758
BTC_JPY,2020-05-25T01:26:59.037,6163833,945695.0,945772.0,0.001,0.5458,1520.82994696,2226.64251483,945772.0,130274.69962194,6003.84929758
BTC_JPY,2020-05-25T01:27:03.993,6163860,945674.0,945773.0,0.015,7.326386999999999,1520.99894696,2225.74671483,945772.0,130277.90331831,6003.85129758
BTC_JPY,2020-05-25T01:27:09.573,6163902,945674.0,945675.0,0.015,7.123386999999999,1520.96194696,2225.28371483,945675.0,130278.93631831,6004.05429758
BTC_JPY,2020-05-25T01:27:14.383,6163923,945674.0,945675.0,0.015,7.1213869999999995,1521.06194696,2225.03171484,945675.0,130279.73931831,6004.04629758
BTC_JPY,2020-05-25T01:27:19.17,6163961,945653.0,945654.0,0.39503998,7.099386999999999,1520.96798694,2225.65171484,945675.0,130267.58409046,6004.108257600001
BTC_JPY,2020-05-25T01:27:24.823,6163978,945653.0,945654.0,0.39503998,6.08537969,1521.14798694,2229.8277074000002,945654.0,130262.81757632,6004.91026491
BTC_JPY,2020-05-25T01:30:09.627,6166997,945639.0,945848.0,0.28660802,0.001,1517.15623692,2214.29824753,945639.0,130361.128815,6022.47364917
BTC_JPY,2020-05-25T01:30:14.227,6167073,945883.0,945990.0,0.029,0.28921207,1521.02375943,2211.37829197,945990.0,130367.26545342,6023.12889395
BTC_JPY,2020-05-25T01:30:19.223,6167203,945855.0,946103.0,0.1,0.002,1520.97361398,2212.86057068,946274.0,130375.57756051,6023.72799801
BTC_JPY,2020-05-25T01:30:24.46,6167289,945892.0,946274.0,0.1,0.19308961,1520.58195555,2214.47916697,945881.0,130378.95749067,6024.18845276
BTC_JPY,2020-05-25T01:30:29.28,6167386,946063.0,946274.0,1.30000013,0.15308561,1516.49067788,2214.18116615,946274.0,130379.61670064,6024.32945676
BTC_JPY,2020-05-25T01:30:34.557,6167470,946076.0,946479.0,0.2,0.1,1522.17637821,2212.32068067,946274.0,130390.95758625,6024.50454237
BTC_JPY,2020-05-25T01:30:39.253,6167550,946114.0,946480.0,0.15,1.52428204,1521.78987443,2214.28095939,946480.0,130396.39692755,6025.59536033
BTC_JPY,2020-05-25T01:30:44.517,6167611,946168.0,946530.0,0.2,0.8,1522.10137443,2213.48297735,946151.0,130402.32707339,6027.11964237
BTC_JPY,2020-05-25T01:30:49.277,6167700,946215.0,947000.0,0.25,10.0,1521.98738588,2223.0729888,946211.0,130409.00805768,6028.00165037
BTC_JPY,2020-05-25T01:30:54.81,6167780,946273.0,946999.0,0.001,0.5119,1522.38938601,2225.5680888,946253.0,130414.75551267,6028.06765037
BTC_JPY,2020-05-25T01:30:59.373,6167853,946323.0,947000.0,0.18,10.0,1522.80336838,2226.00397117,946308.0,130417.34651267,6028.06865037
BTC_JPY,2020-05-25T01:31:04.26,6167936,946408.0,947000.0,1.18,10.0,1523.11756838,2225.08147119,946368.0,130424.37555034,6027.87065037
BTC_JPY,2020-05-25T01:31:10.043,6168051,946454.0,946988.0,0.15,0.5119,1520.63938102,2225.62719015,946454.0,130423.70180303,6029.02365037
BTC_JPY,2020-05-25T01:31:14.187,6168160,946180.0,946879.0,0.05,0.1,1519.46756045,2216.26902664,946880.0,130433.52821446,6029.94824323
BTC_JPY,2020-05-25T01:31:19.137,6168217,946511.0,946999.0,0.1,0.1,1520.72610375,2219.89251067,946480.0,130436.24168404,6029.94924323
BTC_JPY,2020-05-25T01:31:24.45,6168322,946511.0,946943.0,0.001,0.05,1522.14830375,2223.56826993,946491.0,130439.164084,6029.97124323
BTC_JPY,2020-05-25T01:31:29.977,6168408,946491.0,946998.0,0.16895926,0.5094,1520.94880375,2224.54966993,946491.0,130437.88324916,6029.95224323
BTC_JPY,2020-05-25T01:31:33.537,6168447,946491.0,946749.0,0.07725926,9.38,1521.00710375,2232.57026993,946491.0,130437.10436945,6030.04394323
BTC_JPY,2020-05-25T01:31:39.313,6168466,946500.0,946748.0,0.001,0.1,1520.59930176,2232.72026993,946480.0,130415.26746339,6029.96394323
BTC_JPY,2020-05-25T01:31:42.747,6168481,946491.0,946748.0,0.02,0.1,1520.61830176,2234.72026993,946480.0,130408.74775626,6029.96394323
BTC_JPY,2020-05-25T01:31:48.99,6168503,946491.0,946748.0,0.019,0.1,1521.72330176,2234.60226993,946491.0,130394.06175856,6029.94494523
BTC_JPY,2020-05-25T01:31:54.72,6168552,946515.0,946763.0,0.001,9.27899769,1521.69785246,2236.91221876,946782.0,130389.71222915,6028.83685819
BTC_JPY,2020-05-25T01:31:59.603,6168583,946495.0,946790.0,0.077,9.27899769,1522.22685246,2236.91221876,946495.0,130378.83465846,6028.85785819
BTC_JPY,2020-05-25T01:32:04.443,6168625,946518.0,946723.0,1.3719453,9.2300948,1521.93588606,2234.54031587,946516.0,130372.62761457,6028.91275968
BTC_JPY,2020-05-25T01:32:09.747,6168668,946543.0,946824.0,0.05,9.09806709,1523.44716111,2236.72832957,946521.0,130372.91573199,6029.50269739
BTC_JPY,2020-05-25T01:32:14.427,6168697,946519.0,946825.0,0.05,0.05,1524.80230432,2236.72832957,946518.0,130370.26231855,6029.50269739
BTC_JPY,2020-05-25T01:32:18.883,6168720,946538.0,946825.0,0.17295235,0.05,1524.72480486,2233.89833011,946518.0,130367.77536998,6029.45269739
BTC_JPY,2020-05-25T01:32:25.157,6168786,946749.0,947000.0,0.2518966,0.005,1525.54334911,2215.74426302,946792.0,130368.46357535,6029.7257391
BTC_JPY,2020-05-25T01:35:10.087,6172830,946813.0,947649.0,0.31,0.6092,1521.31687978,2220.49481402,946805.0,130526.95212309,6059.79262309
BTC_JPY,2020-05-25T01:35:14.47,6172924,946861.0,947668.0,0.31,0.1,1519.81387978,2220.85751413,946837.0,130528.22210584,6060.29262309
BTC_JPY,2020-05-25T01:35:19.633,6173024,946899.0,947651.0,1.3992216999999998,0.6481,1521.81301794,2222.35661426,946837.0,130526.41506482,6060.29262309
BTC_JPY,2020-05-25T01:35:24.517,6173148,946896.0,947496.0,0.001,0.4981,1519.17610373,2222.48410845,946837.0,130528.23374565,6060.29262309
BTC_JPY,2020-05-25T01:35:29.49,6173255,946916.0,947463.0,0.001,0.1,1519.82923527,2222.16838678,946837.0,130531.45084954,6060.29262309
BTC_JPY,2020-05-25T01:35:34.663,6173351,946936.0,947373.0,0.001,0.1,1518.03275527,2222.47248678,946837.0,130535.78631411,6060.29262309
BTC_JPY,2020-05-25T01:35:39.957,6173466,946939.0,947596.0,0.01,0.39,1518.71849301,2221.78588679,946837.0,130539.14761234,6060.29262309
BTC_JPY,2020-05-25T01:35:45.08,6173584,946749.0,947353.0,0.1,0.4981,1519.66053441,2220.17248679,946936.0,130545.38776121,6060.30462309
BTC_JPY,2020-05-25T01:35:49.287,6173675,946800.0,947372.0,0.0011,0.46575479999999997,1522.05996691,2218.48436883,946936.0,130549.58576991,6060.30462309
BTC_JPY,2020-05-25T01:35:54.243,6173773,946800.0,947317.0,0.0011,0.4981,1522.1332754,2222.75146883,946936.0,130551.42736991,6060.30462309
BTC_JPY,2020-05-25T01:35:59.417,6173879,946820.0,947345.0,0.001,0.1,1522.1432754,2222.03261403,946936.0,130555.34773002,6060.09462409
BTC_JPY,2020-05-25T01:36:05.06,6173979,946840.0,947350.0,0.001,0.4981,1523.1631754,2219.92246883,947353.0,130541.35755351,6059.808639399997
BTC_JPY,2020-05-25T01:36:09.893,6174082,946840.0,947359.0,0.001,0.4981,1523.14569979,2219.55489308,947353.0,130542.10619047,6059.808639399997
BTC_JPY,2020-05-25T01:36:14.473,6174168,946769.0,947337.0,0.001,0.1,1522.95799979,2222.84179321,946749.0,130543.01152646,6059.9086394
BTC_JPY,2020-05-25T01:36:19.817,6174264,946789.0,947348.0,0.001,0.4947,1522.8173206,2221.65149321,946749.0,130539.24852646,6059.9086394
BTC_JPY,2020-05-25T01:36:23.87,6174348,947000.0,947350.0,0.0075,0.1,1523.4611093,2215.42061403,946749.0,130543.87483873,6059.9086394
BTC_JPY,2020-05-25T01:36:30.073,6174529,947198.0,947577.0,0.32,0.002,1524.41156655,2213.04192421,947677.0,130551.79145704,6061.14147297
BTC_JPY,2020-05-25T01:36:34.897,6174690,947610.0,948272.0,0.001,0.3,1523.89108197,2213.68836062,948068.0,130575.82619891,6061.82067285
BTC_JPY,2020-05-25T01:36:39.39,6174776,947611.0,947928.0,0.05,0.001,1522.48236159,2215.48495355,948068.0,130584.71865221,6061.82067285
BTC_JPY,2020-05-25T01:36:44.517,6174880,947610.0,947928.0,0.001,0.001,1523.9348446,2217.78975354,947630.0,130592.77016397,6061.82167285
BTC_JPY,2020-05-25T01:36:49.13,6174993,947309.0,948122.0,0.1,2.05094321,1523.73714778,2217.54203284,947630.0,130594.66474060001,6061.82167285
BTC_JPY,2020-05-25T01:36:54.243,6175097,947360.0,948072.0,0.1,0.309,1526.43201617,2217.32233284,947630.0,130598.46368923,6061.62167285
BTC_JPY,2020-05-25T01:37:00.047,6175206,947646.0,948052.0,0.001,0.4817,1525.78774519,2215.59908964,947630.0,130606.78995089998,6061.62167285
BTC_JPY,2020-05-25T01:37:04.49,6175262,947383.0,947992.0,0.001,0.39,1525.21134519,2218.46203285,947646.0,130607.92470356,6061.62267285
BTC_JPY,2020-05-25T01:37:09.437,6175329,947387.0,948015.0,0.2,0.4817,1525.87264519,2217.36103285,947646.0,130605.26165519,6061.62267285
BTC_JPY,2020-05-25T01:37:14.9,6175389,947412.0,948015.0,0.05,0.4817,1525.52799519,2217.68108285,947354.0,130602.11123868,6061.66467285
BTC_JPY,2020-05-25T01:37:19.883,6175432,947429.0,947900.0,0.001,0.0629,1525.28863468,2217.27230384,947354.0,130606.60905902,6061.66467285
BTC_JPY,2020-05-25T01:37:23.687,6175459,947429.0,947899.0,0.001,0.05,1525.32413468,2217.89398285,947354.0,130607.28205902,6061.66467285
BTC_JPY,2020-05-25T01:40:09.937,6178097,947404.0,947916.0,0.001,0.001,1527.1413029,2218.47709666,947940.0,130540.3429556,6069.91340771
BTC_JPY,2020-05-25T01:40:15.397,6178298,948039.0,948151.0,0.019,1.85401843,1527.86089395,2220.40759665,947916.0,130545.62094426,6069.02847271
BTC_JPY,2020-05-25T01:40:18.913,6178379,948039.0,948170.0,0.0130005,0.44999999,1526.78776231,2217.32308245,948039.0,130548.16294376,6069.03447221
BTC_JPY,2020-05-25T01:40:24.417,6178542,947615.0,948098.0,0.15,1.65501843,1526.94039309,2229.85905506,948098.0,130532.92959752,6069.24607221
BTC_JPY,2020-05-25T01:40:30.08,6178704,947645.0,948086.0,0.001,0.4574,1525.53658709,2230.41743661,948098.0,130531.78871954,6069.24107161
BTC_JPY,2020-05-25T01:40:34.323,6178755,947645.0,948064.0,0.001,0.39,1526.07759709,2229.60843661,948074.0,130524.16543375,6069.25207892
BTC_JPY,2020-05-25T01:40:39.547,6178809,947665.0,948062.0,0.001,0.2,1528.71029709,2229.80843661,948074.0,130515.8161533,6069.23407992
BTC_JPY,2020-05-25T01:40:44.61,6178880,947685.0,948055.0,0.001,0.4574,1528.48639709,2230.41843661,948074.0,130504.1000525,6069.23407992
BTC_JPY,2020-05-25T01:40:49.527,6178944,947685.0,948013.0,0.001,0.39,1528.60069709,2228.45103661,948074.0,130500.3930525,6069.03407992
BTC_JPY,2020-05-25T01:40:54.153,6179005,947705.0,948012.0,0.001,0.35934152,1529.33329709,2230.35737814,948012.0,130497.92951473,6069.1321383999975
BTC_JPY,2020-05-25T01:40:58.95,6179092,947705.0,948016.0,0.001,0.001,1527.94944029,2228.51927982,948012.0,130491.69820838,6069.1381384
BTC_JPY,2020-05-25T01:41:04.577,6179200,947725.0,947996.0,0.001,0.001,1528.02186582,2227.85409091,948012.0,130489.91455423,6069.1381384
BTC_JPY,2020-05-25T01:41:09.967,6179392,946760.0,947184.0,0.2,0.4449,1523.68025956,2232.56818605,947209.0,130524.3215401,6070.71785053
BTC_JPY,2020-05-25T01:41:14.52,6179482,946756.0,947155.0,0.02,0.1,1521.37135624,2232.2462931,947184.0,130542.64231694,6070.71885053
BTC_JPY,2020-05-25T01:41:19.133,6179595,946480.0,946941.0,0.8861277,0.44999999,1519.12145397,2221.36614686,946958.0,130556.33952192,6074.80925053
BTC_JPY,2020-05-25T01:41:24.543,6179674,946480.0,946755.0,0.8861277,0.30000013,1521.15712323,2228.80720536,946756.0,130560.46387997,6074.85925053
BTC_JPY,2020-05-25T01:41:29.673,6179807,946500.0,946957.0,1.0,0.1,1523.12054979,2229.13100536,946956.0,130558.72643066,6075.90305691
BTC_JPY,2020-05-25T01:41:34.993,6179896,946256.0,946427.0,0.02,0.001,1519.94848659,2228.55451236,946427.0,130559.21200767,6077.04785829
BTC_JPY,2020-05-25T01:41:39.963,6179975,946257.0,946500.0,0.05,0.095498,1519.29100716,2226.73397641,946500.0,130557.00926118,6076.90886829
BTC_JPY,2020-05-25T01:41:44.307,6180070,946260.0,946500.0,0.05,0.00048741,1519.15600716,2224.15269277,946500.0,130556.27303031,6076.97388088
BTC_JPY,2020-05-25T01:41:48.607,6180158,946331.0,946500.0,0.2,0.74446501,1516.79459391,2224.82123016,946500.0,130558.44885377,6077.43941687
BTC_JPY,2020-05-25T01:41:54.37,6180214,946257.0,946500.0,0.2,0.53954952,1516.86543411,2224.52111467,946499.0,130564.80786871,6077.86687855
BTC_JPY,2020-05-25T01:41:59.24,6180262,946260.0,946500.0,0.2,0.33954952,1517.65919409,2224.76481484,946500.0,130570.87433963,6078.06687855
BTC_JPY,2020-05-25T01:42:05.197,6180359,946261.0,946500.0,0.2,0.33954952,1517.37119391,2217.47251465,946500.0,130570.52633963,6078.06687855
BTC_JPY,2020-05-25T01:42:09.543,6180403,946261.0,946500.0,0.2,0.25153104,1518.35009391,2225.73009617,946500.0,130571.61249234,6078.15489703
BTC_JPY,2020-05-25T01:42:14.967,6180441,946256.0,946500.0,0.02,0.25153104,1518.92289391,2225.25833624,946500.0,130564.65356667,6078.14989654
BTC_JPY,2020-05-25T01:42:19.59,6180589,945758.0,946308.0,0.2,8.7,1497.26487379,2228.48193055,946000.0,130588.04346318,6079.24870243
BTC_JPY,2020-05-25T01:42:24.997,6180691,945760.0,946304.0,0.2,0.1,1521.77696107,2226.30738118,946000.0,130596.71587134,6079.24870243
BTC_JPY,2020-05-25T01:45:09.673,6183837,945960.0,946510.0,0.2,0.4793,1523.15090782,2229.14872512,946512.0,130680.95208441,6087.427693899999
BTC_JPY,2020-05-25T01:45:14.463,6183915,945972.0,946510.0,0.05,0.4793,1524.73990782,2230.52062512,946512.0,130679.88408441,6087.217693899999
BTC_JPY,2020-05-25T01:45:19.667,6183972,945978.0,946512.0,0.098,0.4793,1526.46984147,2230.52065877,946512.0,130678.48908441,6087.217693899999
BTC_JPY,2020-05-25T01:45:24.867,6184081,946017.0,946513.0,0.2,0.0036975000000000003,1529.13774909,2226.86596601,946513.0,130677.92887373,6087.9686954
BTC_JPY,2020-05-25T01:45:29.67,6184179,946180.0,946513.0,0.1,0.0036975000000000003,1528.83424127,2229.6015571,946513.0,130676.95336862,6087.8586953999975
BTC_JPY,2020-05-25T01:45:35.017,6184290,946199.0,946513.0,0.2,0.0036975000000000003,1527.01525021,2233.64255709,946513.0,130675.98891863,6087.8586953999975
BTC_JPY,2020-05-25T01:45:39.31,6184341,946214.0,946513.0,0.098,0.0036975000000000003,1527.8391413,2227.91035696,946513.0,130667.89203930002,6087.8586953999975
BTC_JPY,2020-05-25T01:45:45.153,6184454,946513.0,946541.0,5.4963025000000005,0.0019399999999999999,1532.3908437999999,2233.30659959,946513.0,130670.96745188,6087.8623929
BTC_JPY,2020-05-25T01:45:49.57,6184492,946513.0,946844.0,4.32333857,0.32,1531.03598878,2233.76579959,946513.0,130672.51674892,6089.05535683
BTC_JPY,2020-05-25T01:45:54.003,6184539,946513.0,946807.0,4.08834556,0.4879,1531.38929577,2234.95148811,946513.0,130672.38112411,6089.29034984
BTC_JPY,2020-05-25T01:46:00.06,6184585,946513.0,946800.0,4.08834556,0.4879,1530.38029577,2234.24295959,946831.0,130673.68912411,6089.35034984
BTC_JPY,2020-05-25T01:46:04.27,6184635,946513.0,946815.0,4.07834755,0.1,1530.51313112,2233.75290186,946832.0,130678.52177706,6093.74134785
BTC_JPY,2020-05-25T01:46:07.37,6184669,946513.0,946670.0,4.57834755,8.48286308,1530.46213112,2233.62710186,946832.0,130682.24849238,6093.74134785
BTC_JPY,2020-05-25T01:46:13.707,6184689,946533.0,946654.0,0.001,0.32,1529.60213112,2232.63110186,946832.0,130680.03949238,6093.74134785
BTC_JPY,2020-05-25T01:46:19.713,6184727,946513.0,946780.0,4.20134755,0.32,1528.16803112,2224.23520542,946670.0,130684.64283267,6094.13534785
BTC_JPY,2020-05-25T01:46:24.5,6184758,946513.0,946654.0,4.20134755,8.46486308,1530.50916034,2231.64013108,946670.0,130678.61750765,6094.13534785
BTC_JPY,2020-05-25T01:46:29.463,6184829,946514.0,946740.0,0.6029,4.73815077,1530.5478602,2220.6143561999997,946740.0,130681.54865305,6097.86306016
BTC_JPY,2020-05-25T01:46:34.743,6184988,946514.0,947021.0,0.098,0.1,1529.77544763,2221.51875531,946832.0,130665.45908427,6098.32306016
BTC_JPY,2020-05-25T01:46:38.91,6185054,946525.0,947250.0,0.1,1.71,1533.57711605,2219.86890543,946709.0,130667.41092734,6098.77306016
BTC_JPY,2020-05-25T01:46:42.71,6185097,946776.0,946820.0,0.5,4.28815077,1532.7081218,2227.2682117,946709.0,130674.59135901,6098.77306016
BTC_JPY,2020-05-25T01:46:49.447,6185116,946777.0,947239.0,0.098,0.1,1527.3282218,2223.11006093,946709.0,130674.42574557,6098.77306016
BTC_JPY,2020-05-25T01:46:54.727,6185136,946777.0,946915.0,0.098,4.28815077,1526.7331218,2225.50161469,946709.0,130675.04960513,6098.76306016
BTC_JPY,2020-05-25T01:46:59.263,6185155,946777.0,946915.0,0.098,4.28815077,1527.3561218,2227.18366469,946709.0,130673.76761897,6098.75306016
BTC_JPY,2020-05-25T01:47:02.343,6185166,946777.0,946915.0,0.1,4.28815077,1527.2461218,2226.98366469,946776.0,130669.11573731,6098.99306016
BTC_JPY,2020-05-25T01:47:08.823,6185182,946777.0,946915.0,0.1,4.28815077,1527.1061218,2227.25621157,946776.0,130668.53802679,6098.99306016
BTC_JPY,2020-05-25T01:47:13.32,6185195,946777.0,946915.0,0.1,4.28815077,1527.0761218,2227.2332117,946776.0,130697.38322559,6098.99306016
BTC_JPY,2020-05-25T01:47:20.167,6185222,946777.0,947016.0,0.1,4.28815077,1527.1761218000001,2227.33726171,946776.0,130697.91802559,6098.99306016
BTC_JPY,2020-05-25T01:47:25.22,6185263,946777.0,946967.0,0.1,4.28815077,1527.7647087999999,2227.20826171,946778.0,130680.48282064,6098.98306116
BTC_JPY,2020-05-25T01:50:09.4,6187391,946820.0,946965.0,0.001,0.001,1524.79924342,2225.88192763,946800.0,130824.17842043,6112.47683233
BTC_JPY,2020-05-25T01:50:14.577,6187477,946843.0,947249.0,0.02,0.1,1526.61494782,2220.75209429,947230.0,130833.9988638,6112.53683233
BTC_JPY,2020-05-25T01:50:19.967,6187572,946870.0,947427.0,0.21,0.1,1525.69760871,2220.577946,947250.0,130832.1074965,6115.46583233
BTC_JPY,2020-05-25T01:50:24.837,6187639,946872.0,947357.0,0.1,2.58413333,1526.01936619,2224.09694601,947250.0,130833.28866783,6115.46583233
BTC_JPY,2020-05-25T01:50:28.147,6187673,946848.0,947356.0,0.02,0.04,1526.44936619,2224.903946,947346.0,130828.89062162,6115.49583233
BTC_JPY,2020-05-25T01:50:34.603,6187697,946849.0,947356.0,0.36000013,0.04,1526.48032811,2225.4039079,947346.0,130827.07386191,6115.49583233
BTC_JPY,2020-05-25T01:50:37.04,6187709,947250.0,947345.0,0.1055,0.1,1526.50582811,2225.5039079,947346.0,130828.89518191,6115.48583233
BTC_JPY,2020-05-25T01:50:44.28,6187777,946849.0,947331.0,0.06,0.5943,1523.53344552,2226.50422544,947250.0,130829.95750238,6115.59133233
BTC_JPY,2020-05-25T01:50:50.017,6187855,946860.0,947286.0,0.02,0.001,1526.66083536,2225.78991529,947306.0,130831.51733658,6115.60133233
BTC_JPY,2020-05-25T01:50:54.93,6187901,946869.0,947275.0,0.001,0.1,1525.81583536,2219.84821528,947306.0,130834.83679136,6115.60133233
BTC_JPY,2020-05-25T01:50:58.407,6187939,946869.0,947233.0,0.001,0.1,1525.87383536,2221.33831528,947244.0,130835.36229755,6115.70233233
BTC_JPY,2020-05-25T01:51:04.143,6187978,946869.0,947202.0,0.001,0.1,1523.6388466,2224.67918878,947244.0,130836.75651435,6115.70233233
BTC_JPY,2020-05-25T01:51:09.273,6188020,946802.0,947180.0,0.3752,0.1,1524.82097345,2225.7288507,947191.0,130837.06959779,6115.73441577
BTC_JPY,2020-05-25T01:51:14.817,6188060,947000.0,947346.0,1.0,0.005,1527.59977345,2224.44993414,947180.0,130837.89689313,6115.74441577
BTC_JPY,2020-05-25T01:51:19.87,6188082,947000.0,947335.0,1.0,0.1,1527.56977345,2224.61873414,947180.0,130839.26699313,6115.74441577
BTC_JPY,2020-05-25T01:51:23.993,6188107,947000.0,947335.0,1.0,0.1,1526.55977345,2224.57973414,947180.0,130840.47000063,6115.74242327
BTC_JPY,2020-05-25T01:51:28.927,6188168,947014.0,947346.0,0.07,0.005,1523.94235049,2224.72673814,947180.0,130842.99270793,6115.74142327
BTC_JPY,2020-05-25T01:51:34.957,6188338,947517.0,948000.0,0.0729,0.01400007,1522.47766886,2218.84467468,947740.0,130860.87227373,6116.87622429
BTC_JPY,2020-05-25T01:51:39.66,6188436,947533.0,948000.0,0.05,0.01400007,1522.28231594,2221.74660329,947849.0,130863.72774691,6116.97622442
BTC_JPY,2020-05-25T01:51:44.377,6188519,947887.0,948000.0,0.15019998,0.01400007,1523.30951592,2222.37205543,947887.0,130873.05138227,6117.82602444
BTC_JPY,2020-05-25T01:51:48.827,6188579,947547.0,947901.0,0.07,2.2741322,1525.0587962000006,2224.48271576,947887.0,130866.55706118,6117.97322442
BTC_JPY,2020-05-25T01:51:54.38,6188612,947547.0,947901.0,0.07,2.6741322,1525.41579607,2223.93270888,947887.0,130863.05042044,6117.97322442
BTC_JPY,2020-05-25T01:52:00.33,6188670,947571.0,947901.0,0.07,2.6741322,1526.4307962,2223.62170888,947887.0,130865.83934099,6117.97322442
BTC_JPY,2020-05-25T01:52:03.35,6188683,947584.0,947901.0,0.05,2.6741322,1526.7007962,2223.62170888,947887.0,130866.8882877,6117.97222442
BTC_JPY,2020-05-25T01:52:09.55,6188730,947595.0,947901.0,0.075,0.4,1526.5497962000006,2224.71470888,947887.0,130866.16494684,6117.77222442
BTC_JPY,2020-05-25T01:52:14.723,6188760,947595.0,947901.0,0.075,0.2,1526.39978932,2224.51470888,947901.0,130867.31559059,6117.97222442
BTC_JPY,2020-05-25T01:52:19.037,6188789,947690.0,947901.0,0.30000013,0.2,1526.22403932,2224.91470888,947901.0,130869.63360452,6117.97222442
BTC_JPY,2020-05-25T01:52:23.54,6188806,947690.0,947901.0,0.30000013,0.2,1526.18203932,2224.35470888,947901.0,130872.56460452,6117.93022442
BTC_JPY,2020-05-25T01:55:09.04,6191756,948553.0,948668.0,0.0012,0.001,1524.43522705,2224.03402376,948500.0,131028.90258739998,6122.10852868
BTC_JPY,2020-05-25T01:55:14.733,6191785,948668.0,948670.0,2.9989999999999997,2.0831331000000004,1526.18722718,2224.62502376,948688.0,131023.29920769,6121.10952868
BTC_JPY,2020-05-25T01:55:19.273,6191822,948708.0,948808.0,0.001,0.168,1527.04999408,2221.93689066,948688.0,131029.83667129,6123.19366178
BTC_JPY,2020-05-25T01:55:24.463,6191853,948708.0,948788.0,0.001,0.001,1526.81899511,2222.54169066,948808.0,131025.3681925,6123.19366178
BTC_JPY,2020-05-25T01:55:29.513,6191922,948500.0,948808.0,1.90977121,0.16699999999999998,1523.81915188,2222.90038032,948782.0,131034.01580447,6124.2530266999975
BTC_JPY,2020-05-25T01:55:33.807,6191954,948688.0,948788.0,1.945,0.001,1526.75083502,2221.37269652,948688.0,131036.95589561,6125.3080267
BTC_JPY,2020-05-25T01:55:39.1,6192015,948500.0,948727.0,1.90977121,0.2653,1524.25185201,2216.24921351,948688.0,131023.14702494,6127.2520267
BTC_JPY,2020-05-25T01:55:44.197,6192079,948212.0,948400.0,0.1,0.001,1521.58913241,2218.44054738,948500.0,131022.13194512,6129.13709838
BTC_JPY,2020-05-25T01:55:49.557,6192142,948232.0,948544.0,0.001,0.001,1519.41045277,2220.07678243,948565.0,131024.92607225,6128.94709838
BTC_JPY,2020-05-25T01:55:54.517,6192180,948232.0,948567.0,0.001,0.311,1521.39809637,2220.37177068,948567.0,131032.20952219,6128.95609838
BTC_JPY,2020-05-25T01:55:58.833,6192213,948252.0,948547.0,0.001,0.001,1520.83809637,2220.20121525,948567.0,131032.50952219,6128.95609838
BTC_JPY,2020-05-25T01:56:02.2,6192268,948252.0,948804.0,0.001,0.31,1520.952696,2215.92427031,948567.0,131034.72303339999,6129.12409838
BTC_JPY,2020-05-25T01:56:09.37,6192405,948212.0,948487.0,0.1,0.6659,1520.1206960000006,2221.78042044,948500.0,131039.85425699,6129.22309838
BTC_JPY,2020-05-25T01:56:15.033,6192533,948034.0,948377.0,0.1,0.31,1519.51788777,2223.93278304,948465.0,131043.37736578,6130.64409838
BTC_JPY,2020-05-25T01:56:19.587,6192597,948054.0,948369.0,0.001,0.3954,1519.41360416,2224.62810148,948465.0,131043.05643745,6130.24409838
BTC_JPY,2020-05-25T01:56:23.737,6192678,947902.0,948000.0,0.2,0.5,1520.4033658,2224.58622936,948034.0,131046.31694025,6130.34509838
BTC_JPY,2020-05-25T01:56:29.147,6192714,947922.0,947999.0,0.001,0.30000013,1522.48591732,2226.88472936,948000.0,131048.97497286,6130.34709838
BTC_JPY,2020-05-25T01:56:34.657,6192735,947922.0,947999.0,0.001,0.30000013,1521.95191732,2225.91172936,948000.0,131047.29621289,6130.34709838
BTC_JPY,2020-05-25T01:56:39.103,6192764,947902.0,947999.0,0.2,0.30000013,1524.32891732,2225.81283551,948000.0,131046.02873025,6130.34709838
BTC_JPY,2020-05-25T01:56:44.23,6192811,947902.0,947999.0,0.2,0.28999913,1524.13191732,2224.67603351,947999.0,131046.16878873,6130.36710038
BTC_JPY,2020-05-25T01:56:49.03,6192830,947902.0,948000.0,0.2,0.48799899999999996,1521.48192347,2224.41603438,947999.0,131042.85475673,6130.56710038
BTC_JPY,2020-05-25T01:56:52.467,6192851,947902.0,948000.0,0.2,0.48799899999999996,1520.91992347,2224.71393451,947999.0,131042.81139182,6130.56710038
BTC_JPY,2020-05-25T01:56:59.707,6192959,947533.0,947813.0,0.00425,0.6368,1519.39406691,2223.64657797,947901.0,131059.63971747,6139.30610938
BTC_JPY,2020-05-25T01:57:04.753,6193062,947533.0,948177.0,0.00425,0.7868,1520.00336466,2224.69860358,947901.0,131066.56006699,6139.30610938
BTC_JPY,2020-05-25T01:57:09.11,6193177,947560.0,948139.0,0.1,0.31,1525.14603407,2221.14160358,947901.0,131065.1168066,6139.30610938
BTC_JPY,2020-05-25T01:57:14.727,6193295,947557.0,948111.0,0.1,0.6819,1524.94163407,2224.31970358,948135.0,131061.27112621,6139.31610938
BTC_JPY,2020-05-25T01:57:19.793,6193408,947533.0,948094.0,0.00425,0.85353902,1522.05589749,2218.718678,948103.0,131055.44096792,6139.32611038
BTC_JPY,2020-05-25T01:57:24.307,6193501,947533.0,947995.0,0.00425,0.05,1523.94499749,2223.24642787,948103.0,131053.56495499,6139.32611038
BTC_JPY,2020-05-25T02:00:09.487,6195790,947726.0,948030.0,0.1,9.339996,1526.78611963,2231.41463937,947774.0,131179.33950117,6156.83447753
BTC_JPY,2020-05-25T02:00:14.43,6195873,947727.0,948031.0,0.1,9.339996,1527.04316038,2231.07888011,947774.0,131185.99756689998,6156.83447753
BTC_JPY,2020-05-25T02:00:19.63,6195982,947478.0,948004.0,0.1,0.6809999999999999,1526.50936036,2231.72617998,947774.0,131186.79095684,6155.73247753
BTC_JPY,2020-05-25T02:00:24.53,6196049,947800.0,947803.0,0.05,9.339996,1525.39936036,2231.16918011,948004.0,131182.71294249,6152.74147853
BTC_JPY,2020-05-25T02:00:29.127,6196084,947471.0,947782.0,0.32,0.001,1524.64136036,2231.61818011,947800.0,131187.2464862,6152.79147853
BTC_JPY,2020-05-25T02:00:34.617,6196109,947471.0,947782.0,0.32,0.001,1523.65186037,2231.61818011,947800.0,131191.5814862,6152.79147853
BTC_JPY,2020-05-25T02:00:39.65,6196145,947491.0,947774.0,0.001,0.027000000000000003,1522.32836589,2231.64418575,947774.0,131192.1444862,6152.86447853
BTC_JPY,2020-05-25T02:00:43.86,6196203,947325.0,947754.0,0.1,0.001,1525.33313481,2224.01418576,947471.0,131191.2076862,6152.82667853
BTC_JPY,2020-05-25T02:00:49.453,6196398,947819.0,948500.0,0.1,0.08715547,1527.69730123,2213.32398472,948500.0,131208.6221856,6153.64736376
BTC_JPY,2020-05-25T02:00:54.923,6196571,947806.0,947954.0,0.001,9.257995,1522.41234266,2228.46283398,948297.0,131199.95924215,6153.89636876
BTC_JPY,2020-05-25T02:00:59.537,6196668,947806.0,948007.0,0.001,0.4657,1524.08693568,2231.18155036,947954.0,131201.89685324,6153.90636976
BTC_JPY,2020-05-25T02:01:04.62,6196745,947806.0,948007.0,0.001,0.4657,1522.18705306,2228.98155036,947954.0,131201.32516411,6153.90536976
BTC_JPY,2020-05-25T02:01:10.133,6196784,947806.0,947987.0,0.001,0.001,1524.05129435,2230.69255023,947954.0,131193.95957,6153.90536976
