product_code,timestamp,tick_id,best_bid,best_ask,best_bid_size,best_ask_size,total_bid_depth,total_ask_depth,ltp,volume,volume_by_product
BTC_JPY,2020-06-03T06:28:59.63,20629799,1034001.0,1034276.0,0.1,0.04931,1915.06776097,1356.50053181,1034001.0,127975.72326088,8089.40982433
BTC_JPY,2020-06-03T06:29:01.77,20629808,1034000.0,1034289.0,0.96,0.04832,1915.03596097,1356.07954181,1034001.0,127976.72326088,8089.50982433
BTC_JPY,2020-06-03T06:29:08.413,20629878,1034000.0,1034281.0,0.96,0.1,1912.46469892,1357.82122142,1034001.0,127971.74505724,8087.81877945
BTC_JPY,2020-06-03T06:29:13.983,20629976,1033522.0,1034281.0,0.3,0.1,1911.72417084,1355.0027218,1034000.0,127970.10367183,8088.74877945
BTC_JPY,2020-06-03T06:29:19.207,20630137,1033765.0,1034281.0,0.31,0.1,1913.1674664000002,1357.05551784,1034271.0,127976.86355699,8088.79877945
BTC_JPY,2020-06-03T06:29:24.413,20630273,1034000.0,1034281.0,2.0,0.1,1916.2574964000007,1358.27251784,1034271.0,127971.13990661,8088.89877945
BTC_JPY,2020-06-03T06:29:28.947,20630346,1034000.0,1034281.0,2.0,0.1,1916.3120964000002,1358.12238784,1034271.0,127954.03130606,8088.89877945
BTC_JPY,2020-06-03T06:29:33.56,20630421,1034271.0,1034281.0,0.1,0.1,1916.4184664000002,1357.51485784,1034271.0,127952.8790682,8088.98650139
BTC_JPY,2020-06-03T06:29:37.973,20630485,1034271.0,1034281.0,0.2,0.1,1915.8232664000002,1357.21546784,1034271.0,127946.56349656,8088.98650139
BTC_JPY,2020-06-03T06:29:43.99,20630562,1034000.0,1034281.0,1.98000199,0.1,1916.04148296,1355.90827228,1034000.0,127947.4379611,8089.306499400002
BTC_JPY,2020-06-03T06:29:49.137,20630652,1034261.0,1034281.0,0.1,0.1,1915.78695296,1356.76053241,1034271.0,127938.7739611,8089.4054994
BTC_JPY,2020-06-03T06:29:53.167,20630727,1034000.0,1034281.0,1.98000199,0.1,1915.63840296,1356.09152241,1034261.0,127942.08779442,8089.46422033
BTC_JPY,2020-06-03T06:29:58.607,20630785,1034010.0,1034274.0,0.1,0.4755,1915.13927225,1357.3032217,1034261.0,127946.54949539,8089.46422033
BTC_JPY,2020-06-03T06:30:03.917,20630832,1034010.0,1034281.0,0.3,0.1,1913.92920225,1356.87403049,1034261.0,127952.23171664,8089.46422033
BTC_JPY,2020-06-03T06:30:08.77,20630924,1034010.0,1034281.0,0.3,0.1,1915.33355225,1357.5974917,1034281.0,127956.720096,8089.54422033
BTC_JPY,2020-06-03T06:30:13.363,20630959,1034030.0,1034339.0,0.36,0.32,1915.89255225,1358.5449217,1034281.0,127943.92764523,8089.43433132
BTC_JPY,2020-06-03T06:30:18.85,20631010,1034050.0,1034388.0,0.1,0.30000013,1916.17601104,1356.75993049,1034281.0,127940.9051664,8089.43433132
BTC_JPY,2020-06-03T06:30:23.267,20631064,1034051.0,1034500.0,0.4728,0.05990208,1918.0942909000007,1357.20531035,1034281.0,127942.75916674,8089.43433132
BTC_JPY,2020-06-03T06:30:26.707,20631125,1034072.0,1034500.0,0.4728,0.05990208,1917.5352909000005,1357.42531035,1034281.0,127944.13724409,8088.88933132
BTC_JPY,2020-06-03T06:30:34.383,20631216,1034071.0,1034500.0,0.1,0.05990208,1917.77334077,1357.48623035,1034281.0,127941.96153278,8088.68933132
BTC_JPY,2020-06-03T06:30:38.953,20631286,1034071.0,1034500.0,0.1,0.05990208,1918.0733409,1357.53061035,1034281.0,127941.14377854,8088.54933132
BTC_JPY,2020-06-03T06:30:43.9,20631325,1034071.0,1034281.0,0.092,0.15,1918.0653409,1357.52747035,1034071.0,127940.65177854,8088.55733132
BTC_JPY,2020-06-03T06:30:48.03,20631366,1034071.0,1034281.0,0.08,0.048,1917.7158209,1355.38700975,1034281.0,127937.67531819,8088.67133132
BTC_JPY,2020-06-03T06:30:53.593,20631475,1034030.0,1034281.0,0.327,0.048,1917.8763109,1357.31672975,1034030.0,127923.58383664,8088.87433232
BTC_JPY,2020-06-03T06:30:58.693,20631575,1034040.0,1034281.0,0.1,0.048,1917.61091759,1357.16677657,1034030.0,127921.22936611,8088.87433232
BTC_JPY,2020-06-03T06:31:03.837,20631626,1034030.0,1034280.0,0.006999999999999999,0.4643,1912.44551772,1354.96840644,1034030.0,127920.51682045,8089.28533232
BTC_JPY,2020-06-03T06:31:08.19,20631675,1034000.0,1034186.0,0.00700199,0.30000013,1913.65701772,1357.65950657,1034000.0,127920.65715203,8091.76533232
BTC_JPY,2020-06-03T06:31:13.517,20631705,1034000.0,1034281.0,0.00700199,0.048,1914.15701772,1358.52250657,1034000.0,127909.69759834,8091.64253232
BTC_JPY,2020-06-03T06:31:18.927,20631736,1034000.0,1034281.0,0.10700199,0.048,1913.34804104,1357.51660657,1034000.0,127905.40126292,8089.97853232
BTC_JPY,2020-06-03T06:31:23.25,20631778,1034000.0,1034280.0,0.20700199,0.4595,1913.7143293,1357.27261815,1034000.0,127896.51303193,8089.92853232
BTC_JPY,2020-06-03T06:31:27.717,20631796,1034010.0,1034260.0,0.1,0.4595,1913.8137293,1357.60361815,1034000.0,127895.81922337,8089.92853232
BTC_JPY,2020-06-03T06:31:33.537,20631835,1034000.0,1034260.0,0.13900199,0.2,1914.0952293,1357.79781815,1034000.0,127897.02518859,8090.09853232
BTC_JPY,2020-06-03T06:31:37.913,20631869,1034010.0,1034260.0,0.1,0.183,1913.4582293,1357.44781815,1034260.0,127887.46005157,8089.94953232
BTC_JPY,2020-06-03T06:31:44.393,20631904,1034020.0,1034260.0,0.1,0.16899999999999998,1913.8782293,1357.75381815,1034260.0,127875.89356207,8089.43403232
BTC_JPY,2020-06-03T06:31:48.75,20631932,1034020.0,1034261.0,0.1,0.331,1913.8759293,1357.13111815,1034260.0,127872.89395809,8089.40313232
BTC_JPY,2020-06-03T06:31:53.603,20631953,1034020.0,1034130.0,0.1,0.098,1913.56382899,1355.99901784,1034130.0,127871.32950856,8089.40513232
BTC_JPY,2020-06-03T06:31:58.63,20632018,1034030.0,1034470.0,0.1,0.469,1913.65782899,1356.36131784,1034499.0,127870.25479457,8090.40513232
BTC_JPY,2020-06-03T06:32:04.133,20632082,1034030.0,1034432.0,0.1,0.2,1911.55584104,1357.40672569,1034499.0,127864.61647410002,8090.19513232
BTC_JPY,2020-06-03T06:32:08.45,20632219,1033500.0,1033843.0,0.01,0.3598,1909.58944639,1359.12358722,1033821.0,127868.24558141,8090.75013431
BTC_JPY,2020-06-03T06:32:13.79,20632397,1033281.0,1033498.0,0.1,0.1,1906.61103905,1360.11427722,1033500.0,127869.20309944,8090.71013731
BTC_JPY,2020-06-03T06:32:18.807,20632583,1032281.0,1032469.0,0.1,0.19000013,1899.68801905,1361.11962773,1032500.0,127893.7967702,8096.73813731
BTC_JPY,2020-06-03T06:32:23.163,20632666,1032281.0,1032635.0,0.1,0.2,1905.56319695,1358.84672482,1032521.0,127900.86197318,8096.76903731
BTC_JPY,2020-06-03T06:35:09.003,20635496,1032902.0,1033362.0,0.25,0.2,1908.20383892,1359.86204163,1032849.0,127957.47658457,8096.02768678
BTC_JPY,2020-06-03T06:35:13.04,20635553,1032913.0,1033357.0,0.1,0.04944,1907.79490622,1360.61895925,1032849.0,127952.13659695,8095.66708678
BTC_JPY,2020-06-03T06:35:19.037,20635598,1032913.0,1033362.0,0.1,0.4,1907.69798622,1360.31171925,1032849.0,127932.46975314,8095.54547126
BTC_JPY,2020-06-03T06:35:23.553,20635640,1032913.0,1033343.0,0.1,0.054270000000000006,1907.57929635,1359.90038925,1033357.0,127922.39300049,8094.03907656
BTC_JPY,2020-06-03T06:35:29.097,20635693,1032949.0,1033358.0,0.01,0.2,1907.34957622,1358.85951925,1033357.0,127917.32774308,8093.81907656
BTC_JPY,2020-06-03T06:35:33.3,20635750,1032949.0,1033362.0,0.01,0.2,1907.70929635,1358.24499195,1033357.0,127904.31933904,8091.73004657
BTC_JPY,2020-06-03T06:35:38.42,20635803,1032966.0,1033346.0,0.40299999999999997,0.2,1908.04329635,1359.54042288,1033357.0,127903.11600550001,8091.73004657
BTC_JPY,2020-06-03T06:35:44.147,20635854,1032983.0,1033346.0,0.40299999999999997,0.2,1910.60087905,1359.58100288,1033357.0,127899.80522133,8090.53404657
BTC_JPY,2020-06-03T06:35:49.1,20635978,1033282.0,1033771.0,0.7609999999999999,0.001,1910.62074803,1353.11610894,1033498.0,127907.7361506,8093.80767857
BTC_JPY,2020-06-03T06:35:53.467,20636081,1033324.0,1033771.0,0.7609999999999999,0.001,1911.92119803,1353.96091894,1033498.0,127909.42737825,8093.80767857
BTC_JPY,2020-06-03T06:35:58.573,20636196,1033364.0,1033771.0,0.41100000000000003,0.001,1910.91173549,1353.2391164,1033498.0,127914.67066248,8093.80767857
BTC_JPY,2020-06-03T06:36:04.047,20636299,1033408.0,1033771.0,0.41100000000000003,0.001,1912.12016549,1354.33845995,1033498.0,127915.79313542,8093.79767857
BTC_JPY,2020-06-03T06:36:08.1,20636388,1033446.0,1033771.0,0.2,0.001,1910.59914549,1354.7433464,1033498.0,127916.49044326,8093.79767857
BTC_JPY,2020-06-03T06:36:13.91,20636476,1033504.0,1033771.0,0.611,0.001,1910.05717536,1355.7427264,1033498.0,127917.11007985,8093.79767857
BTC_JPY,2020-06-03T06:36:18.82,20636567,1033526.0,1033771.0,0.04834,0.001,1908.87798549,1353.49342995,1033522.0,127921.45140353,8093.92767857
BTC_JPY,2020-06-03T06:36:23.787,20636659,1033547.0,1033771.0,0.047939999999999997,0.001,1910.96757622,1353.98645713,1033522.0,127921.85350386,8093.75377857
BTC_JPY,2020-06-03T06:36:28.97,20636743,1033541.0,1033771.0,0.1,0.001,1912.15963622,1353.98383713,1033522.0,127923.77703431,8093.72377857
BTC_JPY,2020-06-03T06:36:33.787,20636790,1033541.0,1033771.0,0.1,0.001,1909.81422904,1354.21512712,1033522.0,127932.42078073,8093.68377857
BTC_JPY,2020-06-03T06:36:38.787,20636850,1033551.0,1033771.0,0.1,0.001,1910.12163622,1354.40714712,1033522.0,127931.31440674,8093.49377857
BTC_JPY,2020-06-03T06:36:43.227,20636884,1033551.0,1033771.0,0.1,0.001,1911.07093622,1355.89847712,1033522.0,127933.91453558,8093.49377857
BTC_JPY,2020-06-03T06:36:48.49,20636932,1033551.0,1033771.0,0.1,0.001,1909.94182622,1355.31767713,1033522.0,127930.65951094,8093.49377857
BTC_JPY,2020-06-03T06:36:53.26,20636963,1033551.0,1033771.0,0.1,0.001,1910.31654623,1355.62499713,1033522.0,127935.99004112,8093.09377857
BTC_JPY,2020-06-03T06:36:59.133,20637044,1033541.0,1033771.0,0.1,0.001,1909.95566623,1355.71479698,1033542.0,127934.46094519999,8093.28377857
BTC_JPY,2020-06-03T06:37:03.98,20637089,1033551.0,1033771.0,0.1,0.001,1911.51913623,1356.0732971,1033542.0,127928.83530715,8092.97377857
BTC_JPY,2020-06-03T06:37:08.29,20637131,1033551.0,1033770.0,0.1,0.39918946,1911.52212851,1356.12698938,1033542.0,127930.16375058,8092.97377857
BTC_JPY,2020-06-03T06:37:13.25,20637153,1033551.0,1033769.0,0.1,0.30000013,1911.53412851,1357.12608938,1033542.0,127927.89122941,8092.97377857
BTC_JPY,2020-06-03T06:37:18.66,20637190,1033551.0,1033771.0,0.1,0.001,1911.53412851,1356.18499938,1033542.0,127927.23662128,8092.95677857
BTC_JPY,2020-06-03T06:37:23.27,20637204,1033551.0,1033771.0,0.1,0.001,1911.52783851,1355.83697938,1033542.0,127927.92562128,8092.95677857
BTC_JPY,2020-06-03T06:40:09.037,20639711,1033590.0,1033850.0,0.1,0.45,1909.54574485,1357.51702995,1033545.0,127859.71681747,8088.38533194
BTC_JPY,2020-06-03T06:40:13.403,20639743,1033615.0,1033850.0,0.1,0.45,1909.59446485,1357.82722575,1033545.0,127857.79629548,8088.38533194
BTC_JPY,2020-06-03T06:40:18.61,20639795,1033615.0,1033850.0,0.1,0.45,1909.29446472,1357.82299575,1033545.0,127856.43745548,8088.28333194
BTC_JPY,2020-06-03T06:40:22.807,20639828,1033615.0,1033850.0,0.1,0.45,1909.27776485,1357.82299575,1033545.0,127856.75805656,8088.28333194
BTC_JPY,2020-06-03T06:40:29.177,20639852,1033615.0,1033850.0,0.1,0.45,1909.67446485,1358.08951575,1033545.0,127857.26836656,8088.28333194
BTC_JPY,2020-06-03T06:40:33.127,20639889,1033615.0,1033850.0,0.1,0.45,1909.40631485,1357.78080575,1033545.0,127857.20092119998,8088.28333194
BTC_JPY,2020-06-03T06:40:38.413,20639950,1033615.0,1033850.0,0.1,0.402,1908.21976485,1358.05819575,1033850.0,127859.72792119998,8088.33133194
BTC_JPY,2020-06-03T06:40:44.137,20640025,1033615.0,1033850.0,0.1,0.35200000000000004,1909.68434703,1357.7617078,1033850.0,127854.43667249,8088.38133194
BTC_JPY,2020-06-03T06:40:48.193,20640064,1033615.0,1033850.0,0.1,0.35200000000000004,1909.69534703,1358.00950793,1033850.0,127848.90097963,8088.38133194
BTC_JPY,2020-06-03T06:40:54.017,20640110,1033615.0,1033850.0,0.1,0.25,1910.29764703,1358.24852793,1033850.0,127845.11853674,8088.28333194
BTC_JPY,2020-06-03T06:40:58.677,20640168,1033615.0,1033850.0,0.1,0.05,1910.51410703,1357.64928793,1033850.0,127845.38747095,8088.48333194
BTC_JPY,2020-06-03T06:41:03.613,20640270,1033615.0,1033849.0,0.1,0.385,1909.9976469,1356.63177779,1033850.0,127846.21400863,8088.48333194
BTC_JPY,2020-06-03T06:41:09.037,20640368,1033615.0,1033837.0,0.090001,0.385,1909.80477005,1358.78969792,1033615.0,127852.15051563,8088.52333094
BTC_JPY,2020-06-03T06:41:13.21,20640424,1033615.0,1033832.0,0.090001,0.15,1907.20633881,1358.8924687,1033615.0,127850.17295595,8088.52333094
BTC_JPY,2020-06-03T06:41:18.807,20640506,1033615.0,1033850.0,0.090001,0.04,1910.61593881,1357.80009995,1033850.0,127852.16621203,8088.48733094
BTC_JPY,2020-06-03T06:41:23.89,20640585,1033615.0,1033850.0,0.090001,0.03,1909.28473881,1357.57149871,1033850.0,127852.47770852,8088.49733094
BTC_JPY,2020-06-03T06:41:29.15,20640693,1033615.0,1033850.0,0.090001,0.03,1909.28523881,1357.56606871,1033850.0,127852.00705823,8088.29633094
BTC_JPY,2020-06-03T06:41:33.467,20640792,1033615.0,1033850.0,0.090001,0.03,1910.06275881,1357.23076871,1033850.0,127851.00422794,8088.29633094
BTC_JPY,2020-06-03T06:41:38.417,20640852,1033615.0,1033850.0,0.090001,0.03,1910.53464803,1356.60513995,1033850.0,127850.85763295,8088.29633094
BTC_JPY,2020-06-03T06:41:43.29,20640926,1033615.0,1033997.0,0.090001,0.30000013,1909.96847803,1357.24533793,1033850.0,127840.70301339998,8088.32633094
BTC_JPY,2020-06-03T06:41:48.773,20641022,1033615.0,1033996.0,0.090001,0.2,1910.45713803,1357.26665793,1033850.0,127838.13611805,8088.32633094
BTC_JPY,2020-06-03T06:41:53.64,20641107,1033615.0,1033981.0,0.090001,0.385,1910.12728803,1356.43797792,1033850.0,127833.52907375,8088.32633094
BTC_JPY,2020-06-03T06:41:58.673,20641225,1033615.0,1033958.0,0.090001,0.535,1909.0279279,1356.36697792,1033850.0,127834.17401286,8088.32633094
BTC_JPY,2020-06-03T06:42:03.263,20641296,1033615.0,1033998.0,0.090001,0.2,1910.32995803,1357.64517792,1033850.0,127835.25935023,8085.92621194
BTC_JPY,2020-06-03T06:42:08.603,20641388,1033615.0,1033989.0,0.090001,0.13,1909.59088803,1357.72096792,1033989.0,127832.33371499,8085.94621194
BTC_JPY,2020-06-03T06:42:14.037,20641432,1033615.0,1033999.0,0.090001,0.68500013,1898.54418803,1357.45584792,1033998.0,127829.60729964,8085.95621194
BTC_JPY,2020-06-03T06:42:18.81,20641527,1033615.0,1033995.0,0.090001,0.30000013,1898.53413803,1357.45087792,1033998.0,127827.50229964,8085.95621194
BTC_JPY,2020-06-03T06:42:24.227,20641625,1033615.0,1033988.0,0.090001,1.0,1897.18179075,1357.83971077,1033998.0,127808.01973193,8083.65143195
BTC_JPY,2020-06-03T06:45:09.99,20644583,1034928.0,1035000.0,0.1,0.92,1916.06962813,1333.39432317,1035000.0,127864.62243546,8107.73634174
BTC_JPY,2020-06-03T06:45:13.857,20644618,1034948.0,1035000.0,0.1,0.72,1916.01666935,1332.4631636,1035000.0,127864.35216339998,8107.93634174
BTC_JPY,2020-06-03T06:45:19.32,20644659,1034948.0,1035000.0,0.1,0.72,1915.30179905,1333.06010373,1035000.0,127867.68816339999,8107.53634174
BTC_JPY,2020-06-03T06:45:23.747,20644719,1034626.0,1035000.0,0.3050005,0.6239,1915.00646416,1334.96772791,1034626.0,127873.57345683,8107.93744124
BTC_JPY,2020-06-03T06:45:28.367,20644757,1034656.0,1035000.0,0.1,0.6239,1914.78991416,1334.87250791,1034626.0,127873.68572801,8107.69744124
BTC_JPY,2020-06-03T06:45:33.477,20644790,1034656.0,1034908.0,0.1,0.0072,1915.07243416,1334.43693791,1034626.0,127879.8456583,8107.67744124
BTC_JPY,2020-06-03T06:45:38.28,20644831,1034656.0,1034908.0,0.1,0.0072,1914.39943416,1335.03557791,1034626.0,127882.39572021,8107.67744124
BTC_JPY,2020-06-03T06:45:43.45,20644862,1034676.0,1035000.0,0.1,0.5331,1914.76343366,1334.5413333,1035000.0,127881.78323667,8107.76844124
BTC_JPY,2020-06-03T06:45:47.997,20644913,1034696.0,1035000.0,0.1,0.5331,1914.84618948,1334.33574373,1035000.0,127879.96246768,8107.76344124
BTC_JPY,2020-06-03T06:45:54.1,20644961,1034696.0,1035000.0,0.1,0.5331,1914.87678948,1335.78810373,1035000.0,127880.02922396,8107.76344124
BTC_JPY,2020-06-03T06:45:58.093,20644996,1034696.0,1035000.0,0.1,0.5331,1914.60361948,1335.46810373,1035000.0,127882.82952107,8107.56344124
BTC_JPY,2020-06-03T06:46:03.357,20645044,1034696.0,1035000.0,0.1,0.3731,1915.38678948,1335.3769636,1035000.0,127882.74545339,8107.72344124
BTC_JPY,2020-06-03T06:46:08.12,20645080,1034696.0,1034999.0,0.1,0.4078,1914.86477948,1335.53210373,1035000.0,127885.87868903,8107.81274124
BTC_JPY,2020-06-03T06:46:14.207,20645223,1034056.0,1034521.0,0.32,0.047810000000000005,1911.6427098000001,1337.75645405,1034281.0,127897.56597894,8108.50774074
BTC_JPY,2020-06-03T06:46:18.29,20645321,1033933.0,1034507.0,0.2392,0.3935,1911.7679298,1337.51157404,1034281.0,127905.17062577,8108.50774074
BTC_JPY,2020-06-03T06:46:23.167,20645437,1033965.0,1034505.0,0.5487,0.2,1914.6234298,1336.98657404,1034281.0,127912.54029812,8108.50774074
BTC_JPY,2020-06-03T06:46:29.253,20645614,1034317.0,1034876.0,0.32,0.3238,1914.37896674,1337.02620099,1034281.0,127909.64321086,8108.50774074
BTC_JPY,2020-06-03T06:46:33.36,20645747,1034328.0,1034913.0,0.3935,0.05083,1915.64896661,1335.64891086,1034281.0,127917.94144930001,8107.50774074
BTC_JPY,2020-06-03T06:46:38.437,20645907,1034344.0,1034961.0,0.3,0.3269,1916.03506674,1336.41498099,1034910.0,127914.6740493,8107.60034074
BTC_JPY,2020-06-03T06:46:43.677,20646047,1034350.0,1034939.0,0.0927,0.2,1915.19360404,1335.7913233,1034910.0,127914.97697171,8107.38135974
BTC_JPY,2020-06-03T06:46:48.97,20646168,1034417.0,1034968.0,0.32,0.1174,1913.83694905,1339.21143842,1034910.0,127913.97359200001,8107.38135974
BTC_JPY,2020-06-03T06:46:54.41,20646294,1034134.0,1034931.0,0.0951,0.3913,1913.65146417,1341.25533841,1034910.0,127913.22591512,8107.38135974
BTC_JPY,2020-06-03T06:46:59.187,20646416,1034101.0,1034891.0,0.094,0.6887,1913.99338417,1341.99633841,1034899.0,127911.55101326,8107.44775974
BTC_JPY,2020-06-03T06:47:05.287,20646586,1033995.0,1034835.0,0.1428,0.15,1914.20657841,1342.03274265,1034899.0,127911.44144328,8107.44775974
BTC_JPY,2020-06-03T06:47:09.343,20646684,1034003.0,1034821.0,0.1426,0.8887,1915.47020841,1342.06274265,1034899.0,127910.98709328,8107.44775974
BTC_JPY,2020-06-03T06:47:14.847,20646822,1034003.0,1034765.0,0.2926,0.3887,1915.54929841,1342.15623265,1034899.0,127908.51978010002,8107.44775974
BTC_JPY,2020-06-03T06:47:19.41,20646945,1034003.0,1034742.0,0.2924,0.6887,1915.75305841,1341.99574265,1034899.0,127897.56721581,8106.72792774
BTC_JPY,2020-06-03T06:47:24.437,20647071,1034012.0,1034699.0,0.31,0.2,1914.53621905,1342.18980317,1034742.0,127894.56420198,8107.02792774
BTC_JPY,2020-06-03T06:50:09.477,20650074,1034931.0,1035556.0,0.3,0.05103,1912.34669879,1332.70311704,1034938.0,127857.53845872,8111.317350599998
BTC_JPY,2020-06-03T06:50:14.243,20650131,1035281.0,1035556.0,3.85000199,0.05103,1915.09980078,1334.7897073,1035281.0,127855.33067792,8111.31784861
BTC_JPY,2020-06-03T06:50:20.013,20650163,1035281.0,1035561.0,3.85000199,0.1,1915.20763839,1335.90732465,1035281.0,127854.35067792,8111.31784861
BTC_JPY,2020-06-03T06:50:24.783,20650182,1035281.0,1035561.0,3.65000199,0.055,1914.55310104,1335.86623465,1035561.0,127854.72567792,8111.56284861
BTC_JPY,2020-06-03T06:50:30.21,20650257,1034922.0,1035281.0,0.060004,0.09999801,1910.45539905,1336.6044948,1035281.0,127861.91722654,8115.10085061
BTC_JPY,2020-06-03T06:50:35.007,20650340,1034922.0,1035275.0,0.060004,0.05158,1911.6881464,1338.78548266,1035281.0,127862.95587296,8114.15431973
BTC_JPY,2020-06-03T06:50:40.12,20650388,1034922.0,1035281.0,0.060004,0.09999801,1911.6429264000005,1338.71220266,1035281.0,127862.08320328,8114.15431973
BTC_JPY,2020-06-03T06:50:45.123,20650488,1034922.0,1035276.0,0.00120008,0.051320000000000005,1911.68369248,1338.32719531,1034922.0,127857.85469509,8114.21212365
BTC_JPY,2020-06-03T06:50:49.573,20650504,1034922.0,1035276.0,0.00120008,0.051320000000000005,1911.62083086,1338.72726104,1034922.0,127852.07878009,8114.21212365
BTC_JPY,2020-06-03T06:50:54.59,20650558,1034704.0,1035276.0,0.22,0.051320000000000005,1911.67326078,1338.41726104,1034922.0,127851.18224774,8114.21332373
BTC_JPY,2020-06-03T06:50:59.907,20650642,1034781.0,1035280.0,0.3925,0.2,1913.17026078,1339.19275104,1034922.0,127848.40451500002,8114.21332373
BTC_JPY,2020-06-03T06:51:05.33,20650761,1034818.0,1035280.0,0.05181,0.2,1913.14307078,1337.32674104,1034922.0,127846.23953752,8114.21332373
BTC_JPY,2020-06-03T06:51:09.52,20650836,1034870.0,1035280.0,0.3925,0.2,1911.93666078,1339.14694104,1034922.0,127849.69880301,8114.21332373
BTC_JPY,2020-06-03T06:51:14.393,20650914,1034875.0,1035280.0,0.22,0.2,1912.67033078,1339.08024104,1034922.0,127847.16956776,8114.17008848
BTC_JPY,2020-06-03T06:51:19.19,20650985,1034889.0,1035280.0,0.31,0.2,1913.06096078,1339.05233104,1034922.0,127843.81821811,8114.17008848
BTC_JPY,2020-06-03T06:51:24.437,20651080,1034854.0,1035280.0,0.3891,0.2,1912.65139078,1338.91084104,1034897.0,127839.11674411,8114.39008848
BTC_JPY,2020-06-03T06:51:30.42,20651123,1035000.0,1035280.0,0.0115,0.2,1912.24289065,1338.95627104,1034897.0,127831.43115216,8114.39008848
BTC_JPY,2020-06-03T06:51:35.07,20651152,1035000.0,1035280.0,0.0115,0.2,1910.68482505,1338.96533104,1034897.0,127823.9477181,8114.39008848
BTC_JPY,2020-06-03T06:51:39.117,20651181,1035000.0,1035280.0,0.0115,0.2,1911.55207042,1338.95891068,1034897.0,127821.34606199998,8114.39008848
BTC_JPY,2020-06-03T06:51:44.17,20651226,1035000.0,1035280.0,0.0115,0.2,1911.59274042,1338.59085068,1034897.0,127804.27990796,8114.27546921
BTC_JPY,2020-06-03T06:51:48.94,20651267,1035010.0,1035281.0,0.09,0.30999801,1911.35764042,1336.88985068,1034897.0,127794.51858655,8114.27546921
BTC_JPY,2020-06-03T06:51:54.037,20651293,1035000.0,1035281.0,0.0015,0.30999801,1910.87139042,1338.43729068,1035000.0,127781.64741359,8114.37546921
BTC_JPY,2020-06-03T06:52:00.057,20651332,1035000.0,1035281.0,0.0015,0.21,1911.52993071,1338.66031296,1035000.0,127774.17880432,8113.37546921
BTC_JPY,2020-06-03T06:52:05.01,20651382,1034898.0,1035281.0,0.387,0.21,1912.09022071,1337.0660973,1035000.0,127770.27075888,8113.36696921
BTC_JPY,2020-06-03T06:52:09.713,20651457,1034978.0,1035281.0,0.387,0.21,1913.76984071,1338.97210296,1035000.0,127769.41947623,8113.12696921
BTC_JPY,2020-06-03T06:52:15.177,20651564,1035225.0,1035500.0,0.3872,0.0495,1914.46212239,1333.9315373,1035281.0,127772.14815415,8113.33696921
BTC_JPY,2020-06-03T06:52:19.81,20651678,1035138.0,1035560.0,0.3,0.3872,1912.4018379,1335.13712028,1035500.0,127776.37443196,8113.38646921
BTC_JPY,2020-06-03T06:52:24.777,20651764,1034866.0,1035000.0,0.32,1.14953904,1911.82376803,1338.84355932,1035000.0,127775.32004168,8114.01743017
BTC_JPY,2020-06-03T06:55:09.47,20654514,1034000.0,1034353.0,0.001,1.0,1904.26048661,1338.9872773,1034000.0,127769.80928243,8115.07247907
BTC_JPY,2020-06-03T06:55:14.97,20654672,1034042.0,1034794.0,0.053270000000000005,0.3,1906.43728659,1336.33920698,1034497.0,127780.44785573,8115.12172907
BTC_JPY,2020-06-03T06:55:20.02,20654809,1034143.0,1034792.0,0.4002,0.1,1910.120895,1338.01920698,1034792.0,127783.07513324,8115.26662907
BTC_JPY,2020-06-03T06:55:24.88,20654898,1034160.0,1034689.0,0.30000013,0.43,1907.29002585,1336.69353815,1034792.0,127785.77371726,8115.25546265
BTC_JPY,2020-06-03T06:55:29.72,20654950,1034171.0,1034688.0,0.21,0.2,1910.45512487,1339.5923773,1034792.0,127787.16799058,8115.10546265
BTC_JPY,2020-06-03T06:55:34.993,20655010,1034171.0,1034688.0,0.21,0.2,1908.280495,1336.26318802,1034792.0,127783.38757898,8115.10546265
BTC_JPY,2020-06-03T06:55:39.987,20655116,1034125.0,1034789.0,0.21,0.4,1911.16950586,1337.94318815,1034792.0,127785.8287986,8115.10546265
BTC_JPY,2020-06-03T06:55:44.483,20655186,1034160.0,1034686.0,0.4002,0.2,1910.42850585,1338.22712815,1034792.0,127786.42340576,8115.10546265
BTC_JPY,2020-06-03T06:55:50.29,20655390,1034458.0,1035000.0,0.4027,0.13,1909.49753583,1335.39208802,1034792.0,127799.12330164,8115.83546265
BTC_JPY,2020-06-03T06:55:55.153,20655506,1034514.0,1035000.0,0.32,0.13,1910.47720583,1336.09478815,1034792.0,127803.979676,8115.83546265
BTC_JPY,2020-06-03T06:55:59.84,20655624,1034423.0,1034999.0,0.26999999,0.4027,1909.58759498,1336.55028815,1034792.0,127810.37888966,8115.83546265
BTC_JPY,2020-06-03T06:56:04.673,20655733,1034424.0,1034978.0,0.2,0.04738,1908.39126583,1336.59866815,1034792.0,127812.19601604,8115.83546265
BTC_JPY,2020-06-03T06:56:10.26,20655792,1034424.0,1034993.0,0.2,0.4027,1908.0232657000001,1336.60410815,1034792.0,127812.49800986,8115.83546265
BTC_JPY,2020-06-03T06:56:15.107,20655897,1034449.0,1035281.0,0.21,0.1,1910.17580573,1333.05077717,1035087.0,127815.19383135,8116.36816265
BTC_JPY,2020-06-03T06:56:19.24,20656005,1034865.0,1035281.0,0.6053,0.1,1911.06214221,1334.02470449,1035087.0,127829.47875445,8116.36816265
BTC_JPY,2020-06-03T06:56:24.913,20656135,1034677.0,1035280.0,0.3213,0.4053,1909.56439219,1336.47928449,1035087.0,127820.04981947,8116.26816265
BTC_JPY,2020-06-03T06:56:29.197,20656247,1034452.0,1035273.0,0.3274,0.2,1908.074895,1338.07947449,1035087.0,127820.449828,8116.26816265
BTC_JPY,2020-06-03T06:56:35.08,20656380,1034717.0,1035281.0,0.4053,0.1,1911.69271219,1338.92060449,1035087.0,127820.29054638,8116.26816265
BTC_JPY,2020-06-03T06:56:40.497,20656496,1034716.0,1035281.0,0.32,0.1,1910.317445,1338.79661449,1035087.0,127817.88541954,8116.25816265
BTC_JPY,2020-06-03T06:56:44.717,20656540,1034925.0,1035281.0,0.32,0.1,1910.9895922000005,1338.36027717,1035087.0,127817.48247865,8116.25816265
BTC_JPY,2020-06-03T06:56:49.407,20656639,1034944.0,1035281.0,0.2,0.1,1912.08544504,1337.75867449,1035087.0,127815.33337043,8116.25816265
BTC_JPY,2020-06-03T06:56:54.66,20656713,1034928.0,1035281.0,0.2,0.1,1911.47886223,1338.67981449,1035087.0,127812.46093510001,8116.12072732
BTC_JPY,2020-06-03T06:56:59.9,20656784,1034832.0,1035279.0,0.32,0.0542,1910.3222721000002,1338.9272873,1035087.0,127813.7659351,8116.12072732
BTC_JPY,2020-06-03T06:57:04.703,20656883,1034627.0,1035277.0,0.4033,0.2,1911.44571222,1338.95585449,1034833.0,127813.60613893,8116.22093115
BTC_JPY,2020-06-03T06:57:09.63,20656975,1034833.0,1035470.0,0.09979617,0.8607,1911.23420839,1340.33764449,1034834.0,127813.36831664,8116.66493015
BTC_JPY,2020-06-03T06:57:14.553,20657074,1035087.0,1035588.0,0.105,0.04711,1912.12118432,1339.02217042,1035469.0,127812.93433664,8116.57993015
BTC_JPY,2020-06-03T06:57:19.213,20657199,1035087.0,1035564.0,0.105,0.0596,1911.7809412999998,1338.8854174,1035469.0,127811.39995546,8116.57993015
BTC_JPY,2020-06-03T06:57:24.417,20657298,1035087.0,1035523.0,0.08050245,0.0596,1912.03084759,1338.4954174,1035087.0,127808.46477577,8116.704427699998
BTC_JPY,2020-06-03T07:00:09.45,20659815,1034847.0,1035368.0,0.4063,0.2,1918.23282575,1339.713098,1035000.0,127775.18100011,8114.94128234
BTC_JPY,2020-06-03T07:00:14.917,20659877,1034794.0,1035368.0,0.32,0.2,1917.37482219,1340.51243457,1035000.0,127776.47840011,8114.94128234
BTC_JPY,2020-06-03T07:00:19.7,20659964,1034796.0,1035000.0,0.30000013,0.05,1917.88182232,1340.30253457,1035000.0,127775.83850708,8115.05128234
BTC_JPY,2020-06-03T07:00:24.927,20660063,1035014.0,1035500.0,0.1893,0.022,1919.56405232,1338.93873457,1035000.0,127776.73957824,8115.10128234
BTC_JPY,2020-06-03T07:00:29.707,20660173,1035043.0,1035500.0,0.1727,0.022,1919.97759232,1337.24745457,1035000.0,127779.66025017,8115.09128234
BTC_JPY,2020-06-03T07:00:34.58,20660303,1035226.0,1035948.0,0.21,0.0328,1921.80762232,1335.16933457,1035600.0,127804.08224833,8115.90858234
BTC_JPY,2020-06-03T07:00:39.917,20660415,1035500.0,1035942.0,0.91,0.1,1918.48739129,1334.91020353,1035942.0,127814.39052459,8116.29858234
BTC_JPY,2020-06-03T07:00:44.93,20660522,1035184.0,1035878.0,0.1984,0.2,1915.56606977,1338.23414188,1035500.0,127819.7863728,8117.21358234
BTC_JPY,2020-06-03T07:00:50.48,20660666,1035182.0,1035855.0,0.21,0.4139,1915.86987977,1335.74424201,1035500.0,127821.41475158,8117.21358234
BTC_JPY,2020-06-03T07:00:54.407,20660761,1035011.0,1035753.0,0.21,0.05055,1916.16401977,1335.26589201,1035500.0,127813.08137067,8117.08909549
BTC_JPY,2020-06-03T07:01:00.113,20660904,1034867.0,1035341.0,0.15,0.009000000000000001,1916.29590449,1335.94974202,1034857.0,127810.22512067,8118.23909549
BTC_JPY,2020-06-03T07:01:04.367,20660992,1034894.0,1035341.0,0.1,0.009000000000000001,1916.66040449,1335.63283202,1034857.0,127810.77217652,8118.23909549
BTC_JPY,2020-06-03T07:01:09.407,20661063,1034894.0,1035341.0,0.1,0.009000000000000001,1916.37202977,1336.30583201,1034857.0,127810.57247569,8118.03909549
BTC_JPY,2020-06-03T07:01:15.053,20661140,1034894.0,1035341.0,0.1,0.009000000000000001,1915.69835977,1336.62531201,1034857.0,127811.25671515,8118.03909549
BTC_JPY,2020-06-03T07:01:19.163,20661197,1034894.0,1035341.0,0.1,0.009000000000000001,1915.58835977,1336.62531201,1034857.0,127811.28039486,8118.03909549
BTC_JPY,2020-06-03T07:01:24.727,20661318,1034906.0,1035341.0,0.1,0.009000000000000001,1913.42068492,1336.25595954,1034857.0,127812.54454143,8118.03909549
BTC_JPY,2020-06-03T07:01:29.667,20661419,1034918.0,1035341.0,0.1,0.009000000000000001,1914.19010743,1336.32228968,1034857.0,127813.50551629,8118.03909549
BTC_JPY,2020-06-03T07:01:34.95,20661553,1034728.0,1035299.0,0.1,0.054020000000000006,1914.14877743,1336.48710968,1034857.0,127816.36741629,8118.03909549
BTC_JPY,2020-06-03T07:01:39.69,20661682,1034547.0,1035298.0,0.1,0.04752,1915.25377743,1339.37560968,1034857.0,127804.99461446,8118.03909549
BTC_JPY,2020-06-03T07:01:44.8,20661832,1033991.0,1034178.0,0.0532,0.1,1905.94755505,1340.34138968,1034060.0,127812.72611532,8119.06432451
BTC_JPY,2020-06-03T07:01:49.937,20661974,1033760.0,1034025.0,0.99,0.04522,1912.56465774,1339.47518811,1033665.0,127839.55466405,8119.89337563
BTC_JPY,2020-06-03T07:01:54.317,20662028,1033665.0,1033998.0,0.010002,0.2,1912.18775774,1340.32036716,1033760.0,127849.49983502,8120.88337563
BTC_JPY,2020-06-03T07:01:59.1,20662085,1033665.0,1033963.0,0.010002,1.0,1912.18790252,1342.35901276,1033760.0,127857.36249638,8120.88337563
BTC_JPY,2020-06-03T07:02:04.6,20662201,1033281.0,1033470.0,0.1,0.054000000000000006,1910.99317492,1341.46141288,1033500.0,127870.05408115,8120.95337763
BTC_JPY,2020-06-03T07:02:09.81,20662338,1033000.0,1033552.0,0.040001,0.2,1912.66252195,1340.46373332,1033000.0,127876.57047268,8121.58816463
BTC_JPY,2020-06-03T07:02:14.42,20662408,1033000.0,1033469.0,0.030001,1.0,1912.20949592,1342.0631333,1033000.0,127891.89808092,8121.58816463
BTC_JPY,2020-06-03T07:02:20.44,20662543,1032804.0,1032881.0,0.390001,0.32,1908.45117605,1343.11670647,1032804.0,127903.39440895,8122.84546463
BTC_JPY,2020-06-03T07:02:24.67,20662673,1032500.0,1032723.0,0.4550005,0.32,1909.8463907000007,1343.01386726,1032500.0,127945.24060339,8123.79146513
BTC_JPY,2020-06-03T07:05:09.617,20666736,1033427.0,1033997.0,0.7702,0.2,1921.81342196,1337.26041436,1033460.0,128219.54079647,8131.76046724
BTC_JPY,2020-06-03T07:05:14.183,20666806,1033512.0,1033992.0,0.3,0.04553,1920.56178196,1337.26944436,1033460.0,128222.39837446,8131.76046724
BTC_JPY,2020-06-03T07:05:19.297,20666868,1033380.0,1033986.0,0.15,0.4,1919.66147498,1337.74771435,1033460.0,128221.06675703,8131.75046724
BTC_JPY,2020-06-03T07:05:24.783,20667036,1032935.0,1033642.0,0.047189999999999996,0.2,1919.94231183,1343.19031433,1033460.0,128237.81152224,8131.75046724
BTC_JPY,2020-06-03T07:05:29.223,20667164,1032943.0,1033756.0,0.4702,0.2568,1920.51222183,1344.49471431,1033460.0,128239.5418869,8131.75046724
BTC_JPY,2020-06-03T07:05:35.287,20667292,1032970.0,1033721.0,0.4702,0.4,1920.73330183,1344.23791431,1033460.0,128243.64188689999,8131.75046724
BTC_JPY,2020-06-03T07:05:40.093,20667413,1033272.0,1033870.0,0.04817,0.26999999,1921.61959183,1340.99446734,1033460.0,128250.68234957,8131.75046724
BTC_JPY,2020-06-03T07:05:44.703,20667525,1033387.0,1033870.0,0.32,0.26999999,1921.23932196,1341.42347432,1033460.0,128250.47415121,8131.75046724
BTC_JPY,2020-06-03T07:05:50.033,20667623,1033398.0,1033870.0,0.2,0.26999999,1920.06632196,1341.42060432,1033460.0,128252.60315310002,8131.55046724
BTC_JPY,2020-06-03T07:05:54.463,20667706,1033346.0,1033847.0,0.39944698,0.04966,1919.72382196,1342.35507431,1033460.0,128255.10680956,8131.55046724
BTC_JPY,2020-06-03T07:06:00.31,20667817,1033003.0,1033817.0,0.15,0.4446,1920.86301196,1343.28551431,1033460.0,128257.29936115,8131.55046724
BTC_JPY,2020-06-03T07:06:04.187,20667915,1033011.0,1033788.0,0.15,0.047760000000000004,1921.03732196,1343.44617431,1033460.0,128255.62593295,8131.55046724
BTC_JPY,2020-06-03T07:06:09.387,20668045,1033028.0,1033834.0,0.2,0.2569,1919.55667498,1337.89431431,1033460.0,128257.90540093,8131.55046724
BTC_JPY,2020-06-03T07:06:15.21,20668204,1032898.0,1033715.0,0.4702,0.2,1920.54781196,1337.43741431,1033460.0,128259.04540093,8131.55046724
BTC_JPY,2020-06-03T07:06:19.703,20668277,1032886.0,1033710.0,0.4702,0.048010000000000004,1920.68912196,1337.66542432,1033460.0,128258.52240093,8131.55046724
BTC_JPY,2020-06-03T07:06:24.683,20668352,1033227.0,1033860.0,0.4702,0.05384,1921.72562196,1337.21725422,1033460.0,128271.10734130001,8131.55046724
BTC_JPY,2020-06-03T07:06:29.877,20668425,1033234.0,1033460.0,0.39944698,4.898,1920.48072196,1342.26291436,1033460.0,128276.27125169999,8131.65246724
BTC_JPY,2020-06-03T07:06:34.003,20668460,1033235.0,1033460.0,0.15,4.828,1922.92709196,1343.74521436,1033460.0,128278.88125169999,8131.72246724
BTC_JPY,2020-06-03T07:06:38.137,20668478,1033235.0,1033460.0,0.60000013,4.8180000000000005,1921.53289196,1345.23462436,1033460.0,128279.64682658,8131.73246724
BTC_JPY,2020-06-03T07:06:44.383,20668491,1033235.0,1033460.0,0.92000013,4.8180000000000005,1923.60289196,1345.29862436,1033460.0,128276.95038442,8131.57846724
BTC_JPY,2020-06-03T07:06:48.617,20668508,1033235.0,1033460.0,0.60000013,4.8180000000000005,1923.00472196,1344.19570436,1033460.0,128279.42038442,8131.57846724
BTC_JPY,2020-06-03T07:06:55.023,20668560,1032941.0,1033460.0,0.32,6.73156398,1919.86567498,1346.05697821,1033235.0,128281.05764329,8131.55946724
BTC_JPY,2020-06-03T07:06:58.7,20668605,1032942.0,1033459.0,0.45,0.2,1924.34513894,1347.36298531,1033235.0,128285.39786417,8131.55946724
BTC_JPY,2020-06-03T07:07:04.583,20668628,1032942.0,1033459.0,0.45,0.2,1923.78622894,1347.04301531,1033235.0,128285.68164127,8131.55946724
BTC_JPY,2020-06-03T07:07:10.023,20668689,1032944.0,1033459.0,0.3,0.2,1923.96050894,1347.96304532,1033235.0,128287.51583376,8131.55946724
BTC_JPY,2020-06-03T07:07:15.18,20668767,1033237.0,1033459.0,0.15,0.2,1923.88956894,1346.89106136,1033235.0,128290.98405666,8131.55946724
BTC_JPY,2020-06-03T07:07:19.167,20668832,1033299.0,1033459.0,0.3,0.2,1921.53016881,1346.30645532,1033235.0,128294.49163714,8131.55946724
BTC_JPY,2020-06-03T07:07:24.587,20668859,1033299.0,1033459.0,0.25,0.2,1923.32997894,1347.49645532,1033299.0,128298.07658204,8131.75946724
BTC_JPY,2020-06-03T07:10:09.55,20671341,1033124.0,1033461.0,0.145,0.2,1922.52132777,1343.35739016,1033125.0,128123.96797255,8130.81617938
BTC_JPY,2020-06-03T07:10:14.253,20671441,1032674.0,1033435.0,0.3,0.4,1920.88513816,1344.23363055,1033124.0,128132.96017202,8130.85117938
BTC_JPY,2020-06-03T07:10:20.197,20671569,1032676.0,1033406.0,0.15,0.4944,1921.99973803,1340.83486725,1033124.0,128131.19640473,8130.34747938
BTC_JPY,2020-06-03T07:10:24.653,20671681,1032896.0,1033462.0,0.4944,0.63,1921.65667816,1343.01113056,1033124.0,128134.34534017,8130.29747938
BTC_JPY,2020-06-03T07:10:29.877,20671806,1032907.0,1033462.0,0.4944,0.63,1921.63983816,1342.20266725,1033124.0,128125.83475811,8130.29747938
BTC_JPY,2020-06-03T07:10:34.96,20671914,1033090.0,1033462.0,0.4944,0.63,1922.64230816,1342.89683056,1033124.0,128125.52075363,8130.29747938
BTC_JPY,2020-06-03T07:10:39.363,20672004,1033102.0,1033462.0,0.4944,0.63,1922.65693816,1342.54267738,1033124.0,128121.7775095,8130.29747938
BTC_JPY,2020-06-03T07:10:44.417,20672092,1033115.0,1033462.0,0.4944,0.63,1922.61362816,1341.39843056,1033124.0,128120.01642979,8130.29747938
BTC_JPY,2020-06-03T07:10:49.373,20672182,1033127.0,1033462.0,0.4944,0.63,1922.68322816,1342.89823056,1033124.0,128120.21833991,8130.29747938
BTC_JPY,2020-06-03T07:10:55.45,20672273,1033136.0,1033462.0,0.15,0.63,1922.57360816,1342.89793056,1033134.0,128115.52049933,8130.49747938
BTC_JPY,2020-06-03T07:10:59.893,20672337,1033139.0,1033461.0,0.15,0.2,1922.29360416,1343.02776669,1033134.0,128105.73980469,8130.49747938
BTC_JPY,2020-06-03T07:11:05.29,20672396,1032999.0,1033461.0,0.30000013,0.2,1918.30120429,1343.15236669,1033134.0,128101.71500469,8130.49747938
BTC_JPY,2020-06-03T07:11:09.023,20672461,1033007.0,1033461.0,0.4924,0.2,1918.83584498,1343.15746669,1033134.0,128103.66117877,8130.49747938
BTC_JPY,2020-06-03T07:11:15.173,20672554,1032895.0,1033461.0,0.32,0.2,1916.83163416,1342.47152669,1033134.0,128105.27517845,8130.47957759
BTC_JPY,2020-06-03T07:11:19.35,20672630,1033029.0,1033461.0,0.4924,0.2,1923.31783429,1342.30242669,1033134.0,128091.79558024,8130.45747938
BTC_JPY,2020-06-03T07:11:24.587,20672695,1033136.0,1033461.0,0.4924,0.2,1924.49103429,1338.34046738,1033134.0,128087.43347287,8130.45747938
BTC_JPY,2020-06-03T07:11:30.493,20672866,1033406.0,1034000.0,1.1142,0.02000008,1926.31339754,1337.05819994,1033462.0,128090.84526565,8131.28747938
BTC_JPY,2020-06-03T07:11:34.667,20672982,1033418.0,1033989.0,0.6442,0.4,1925.23378754,1339.76999993,1033417.0,128082.38108356,8131.48747938
BTC_JPY,2020-06-03T07:11:40.09,20673118,1033431.0,1033970.0,0.6933,0.2776,1924.68298754,1339.6857998,1033988.0,128062.94730788,8130.55847938
BTC_JPY,2020-06-03T07:11:44.683,20673234,1033439.0,1033968.0,0.3,0.05364,1924.77485754,1340.98083993,1033988.0,128063.06938819,8130.55847938
BTC_JPY,2020-06-03T07:11:50.207,20673358,1033454.0,1033983.0,0.5789,0.0553,1925.06880754,1340.35626737,1033988.0,128062.77548819,8130.55847938
BTC_JPY,2020-06-03T07:11:54.927,20673457,1033466.0,1033978.0,0.35,0.05141,1925.41576445,1341.25470684,1033988.0,128045.15107145,8130.54848038
BTC_JPY,2020-06-03T07:11:59.943,20673584,1033474.0,1033980.0,0.5789,0.0459,1924.80164445,1339.72919684,1033988.0,128036.0483544,8128.54348038
BTC_JPY,2020-06-03T07:12:04.51,20673684,1033476.0,1033983.0,0.3816,0.01,1924.04455445,1340.00329684,1033988.0,128033.73156574,8128.53348038
BTC_JPY,2020-06-03T07:12:09.127,20673808,1033479.0,1033983.0,0.30000013,0.01,1924.35495445,1339.05092684,1033988.0,128032.32776574,8128.53348038
BTC_JPY,2020-06-03T07:12:14.39,20673925,1033476.0,1033983.0,0.47,0.01,1924.51780432,1339.00329684,1033988.0,128032.94836574,8128.43348038
BTC_JPY,2020-06-03T07:12:19.52,20674036,1033483.0,1033982.0,0.3847,0.04942,1923.84250445,1339.10271684,1033988.0,128030.20426595,8128.43348038
BTC_JPY,2020-06-03T07:12:24.417,20674152,1033479.0,1033982.0,0.30000013,0.04666,1924.69535445,1338.30665684,1033988.0,128028.19644069,8128.43348038
BTC_JPY,2020-06-03T07:15:10.283,20677686,1032623.0,1033219.0,0.28,0.07,1924.10168538,1343.0286181,1033240.0,128063.69154639,8125.36471515
BTC_JPY,2020-06-03T07:15:14.89,20677796,1032900.0,1033220.0,8.617,0.04854,1932.13053897,1343.28721181,1033240.0,128058.45778918,8125.32471915
BTC_JPY,2020-06-03T07:15:20.16,20677842,1032900.0,1033238.0,8.617,0.1,1931.7394790999997,1342.44663219,1033240.0,128047.56268882,8125.3166104
BTC_JPY,2020-06-03T07:15:24.273,20677864,1032901.0,1033000.0,0.30000013,0.60329962,1931.7394790999997,1343.09841181,1033240.0,128040.98771786,8121.6866104
BTC_JPY,2020-06-03T07:15:29.773,20677894,1032900.0,1033000.0,8.717,0.60329962,1931.8874391,1343.28914181,1033240.0,128040.02187615,8121.6866104
BTC_JPY,2020-06-03T07:15:35.42,20677926,1032900.0,1033000.0,7.54522948,0.10329962,1930.03424361,1342.50023182,1032900.0,128041.66843122,8123.15838092
BTC_JPY,2020-06-03T07:15:39.47,20677964,1032900.0,1033000.0,7.44322948,0.10329962,1929.95272008,1343.30339331,1032900.0,128043.23681317,8123.26038092
BTC_JPY,2020-06-03T07:15:44.607,20677996,1032900.0,1033000.0,6.20342948,0.10329962,1927.18954374,1343.25526318,1032900.0,128040.39884134,8122.71018092
BTC_JPY,2020-06-03T07:15:49.783,20678035,1033000.0,1033112.0,0.66652037,0.26999999,1928.39382176,1343.758925,1033000.0,128043.45614445,8122.92547855
BTC_JPY,2020-06-03T07:15:54.38,20678053,1033000.0,1033112.0,0.66652037,0.26999999,1928.39382176,1344.672495,1033000.0,128043.38960415,8122.92547855
BTC_JPY,2020-06-03T07:15:59.11,20678085,1033000.0,1033112.0,0.66652037,0.26999999,1928.39382176,1344.537245,1033000.0,128040.99018475,8122.50967855
BTC_JPY,2020-06-03T07:16:05.297,20678120,1033000.0,1033112.0,0.56452037,0.26999999,1927.97901176,1343.94481501,1033000.0,128043.8493208,8122.61167855
BTC_JPY,2020-06-03T07:16:09.633,20678142,1033000.0,1033112.0,0.56452037,0.26999999,1927.89198411,1342.54481502,1033000.0,128044.11473503,8122.61167855
BTC_JPY,2020-06-03T07:16:12.77,20678163,1033000.0,1033112.0,0.56452037,0.26999999,1928.29953176,1344.04898502,1033000.0,128039.91580521,8122.61167855
BTC_JPY,2020-06-03T07:16:18.777,20678183,1033000.0,1033112.0,0.36452037,0.26999999,1928.10953176,1344.04676502,1033000.0,128034.97083399,8121.57667855
BTC_JPY,2020-06-03T07:16:24.08,20678206,1033000.0,1033112.0,0.36452037,0.26999999,1928.11474176,1343.64537737,1033000.0,128032.79083399,8121.57667855
BTC_JPY,2020-06-03T07:16:29.96,20678244,1033000.0,1033112.0,0.37452037,0.26999999,1927.81692163,1343.99692502,1033000.0,128026.4299389,8113.77667855
BTC_JPY,2020-06-03T07:16:34.703,20678273,1033000.0,1033112.0,0.37452037,0.26999999,1928.01298176,1344.01892502,1033000.0,128028.41525633,8113.77667855
BTC_JPY,2020-06-03T07:16:39.81,20678301,1033000.0,1033364.0,0.37452037,0.5002,1923.05804176,1343.37626503,1033000.0,128028.76393698,8113.72747855
BTC_JPY,2020-06-03T07:16:44.06,20678332,1033000.0,1033320.0,0.27452037,0.1,1921.79734176,1344.27326502,1033000.0,128030.67754330001,8113.64447855
BTC_JPY,2020-06-03T07:16:49.123,20678365,1033000.0,1033320.0,0.27452037,0.1,1925.44843676,1343.73106502,1033000.0,128032.09754330001,8113.64447855
BTC_JPY,2020-06-03T07:16:53.79,20678390,1033000.0,1033320.0,0.27452037,0.1,1926.61843676,1343.40106502,1033000.0,128031.20720138,8113.64447855
BTC_JPY,2020-06-03T07:16:59.81,20678408,1033000.0,1033320.0,0.07452037,0.1,1926.92843676,1343.72106502,1033000.0,128030.988974,8113.83067855
BTC_JPY,2020-06-03T07:17:04.77,20678427,1033000.0,1033320.0,0.07452037,0.1,1926.94596676,1343.72106502,1033000.0,128018.45453183,8113.69067855
BTC_JPY,2020-06-03T07:17:09.26,20678434,1033000.0,1033320.0,0.17452037,0.1,1926.91596676,1343.52106502,1033000.0,128018.13285109,8113.69067855
BTC_JPY,2020-06-03T07:17:14.923,20678449,1033000.0,1033320.0,0.17452037,0.1,1926.57778663,1343.90604502,1033000.0,128016.18151649,8113.61917855
BTC_JPY,2020-06-03T07:17:19.11,20678478,1033000.0,1033320.0,0.17452037,0.1,1926.90765676,1343.93001502,1033000.0,127987.00261784,8113.61917855
BTC_JPY,2020-06-03T07:17:24.543,20678532,1033000.0,1033320.0,0.00452037,0.1,1925.55877911,1344.13625502,1033000.0,127971.54894542,8113.25917855
BTC_JPY,2020-06-03T07:20:09.55,20681355,1033446.0,1033978.0,0.3,0.4796,1948.73103743,1345.88044607,1033451.0,127966.98897410002,8111.11771729
BTC_JPY,2020-06-03T07:20:14.793,20681454,1033314.0,1033982.0,0.30000013,0.4796,1947.98057743,1346.82188607,1033451.0,127950.42352685,8111.11771729
BTC_JPY,2020-06-03T07:20:20.403,20681576,1033331.0,1033982.0,0.05078,0.4796,1948.77191694,1347.83274558,1033451.0,127950.21013394,8110.91771729
BTC_JPY,2020-06-03T07:20:24.98,20681628,1033314.0,1033981.0,0.30000013,0.15,1948.03813694,1348.96314558,1033451.0,127946.80634501,8110.91771729
BTC_JPY,2020-06-03T07:20:30.217,20681792,1033145.0,1033877.0,0.1,0.6296,1946.85428694,1350.60763558,1033451.0,127947.8850336,8110.91771729
BTC_JPY,2020-06-03T07:20:34.197,20681886,1033145.0,1033866.0,0.1,0.4796,1946.81950694,1350.40124558,1033451.0,127945.6270336,8110.91771729
BTC_JPY,2020-06-03T07:20:39.34,20682002,1033145.0,1033845.0,0.1,0.1455,1945.26663694,1351.66675558,1033451.0,127943.74920194,8110.81771729
BTC_JPY,2020-06-03T07:20:44.77,20682170,1033001.0,1033727.0,0.11,0.3,1946.64127694,1352.18134558,1033451.0,127943.83450161,8110.79934829
BTC_JPY,2020-06-03T07:20:49.543,20682298,1033001.0,1033714.0,0.0725,0.5696,1946.68597694,1351.67094558,1033451.0,127939.81590161,8109.03134829
BTC_JPY,2020-06-03T07:20:54.657,20682397,1033001.0,1033681.0,0.0725,0.3346,1947.40367694,1351.89674557,1033451.0,127943.16306136,8109.03134829
BTC_JPY,2020-06-03T07:20:59.447,20682486,1033001.0,1033671.0,0.0725,0.334,1947.53867694,1351.85614557,1033451.0,127945.01833055,8109.03134829
BTC_JPY,2020-06-03T07:21:05.217,20682582,1033000.0,1033451.0,0.05,0.015,1947.01408874,1352.31674557,1033000.0,127943.74486252,8109.03234829
BTC_JPY,2020-06-03T07:21:09.69,20682640,1033000.0,1033451.0,0.05,0.015,1946.58647694,1351.64855557,1033000.0,127946.69222223,8109.03234829
BTC_JPY,2020-06-03T07:21:14.883,20682744,1033001.0,1033451.0,0.1055,0.015,1947.38313694,1352.18855557,1033001.0,127950.46597072,8109.08234829
BTC_JPY,2020-06-03T07:21:20.363,20682842,1033000.0,1033451.0,0.05,0.015,1947.04929099,1352.09372962,1033001.0,127943.9858973,8109.08234829
BTC_JPY,2020-06-03T07:21:24.903,20682900,1033000.0,1033451.0,0.05,0.016,1947.42929099,1350.70472962,1033001.0,127943.92126547,8109.08234829
BTC_JPY,2020-06-03T07:21:28.907,20682917,1033000.0,1033451.0,0.05,0.016,1948.63929099,1352.11472962,1033001.0,127942.77778079,8109.07234829
BTC_JPY,2020-06-03T07:21:34.257,20682932,1033000.0,1033451.0,0.05,0.015,1947.44129099,1352.11372962,1033001.0,127943.82778992,8108.99234829
BTC_JPY,2020-06-03T07:21:40.447,20682989,1033007.0,1033451.0,0.2,0.017,1947.59881099,1352.36472962,1033001.0,127942.53773029,8108.99234829
BTC_JPY,2020-06-03T07:21:44.537,20683000,1033010.0,1033451.0,0.03683,0.017,1947.64564099,1352.36472962,1033010.0,127942.23730971,8109.00234829
BTC_JPY,2020-06-03T07:21:49.447,20683043,1033002.0,1033451.0,0.11,0.017,1946.69881099,1352.04567962,1033010.0,127940.03325787,8108.90234829
BTC_JPY,2020-06-03T07:21:54.963,20683217,1033014.0,1033451.0,0.04833,0.017,1947.57674086,1351.75661962,1033010.0,127937.08664081,8108.90234829
BTC_JPY,2020-06-03T07:21:59.513,20683301,1033032.0,1033451.0,0.2,0.017,1948.70146751,1350.93431615,1033030.0,127934.31634208,8108.87334829
BTC_JPY,2020-06-03T07:22:04.967,20683443,1033016.0,1033451.0,0.04768,0.006999999999999999,1947.07708751,1348.85221615,1033451.0,127931.34948482,8108.10334829
BTC_JPY,2020-06-03T07:22:10.183,20683552,1033019.0,1033451.0,0.05034,0.006999999999999999,1946.87714751,1349.63279615,1033451.0,127925.35842827,8108.05334829
BTC_JPY,2020-06-03T07:22:14.787,20683676,1033099.0,1033451.0,0.2,0.006999999999999999,1936.80580751,1349.08391615,1033451.0,127908.65607471,8108.05334829
BTC_JPY,2020-06-03T07:22:19.587,20683777,1033122.0,1033451.0,0.3,0.006999999999999999,1938.24995751,1350.90291615,1033451.0,127898.2786325,8108.04334829
BTC_JPY,2020-06-03T07:22:24.733,20683878,1033102.0,1033451.0,0.11,0.006999999999999999,1938.76540751,1351.22398614,1033451.0,127884.38486146,8108.04334829
BTC_JPY,2020-06-03T07:25:10.5,20686517,1032602.0,1033332.0,0.35,0.1,1940.20205926,1353.32745909,1032899.0,127972.41201730001,8112.24279971
BTC_JPY,2020-06-03T07:25:15.243,20686612,1032575.0,1033290.0,0.2,0.5049,1940.76176597,1353.17490408,1032899.0,127969.13257711,8110.90979971
BTC_JPY,2020-06-03T07:25:19.553,20686675,1032603.0,1033331.0,0.1,0.04902,1940.81351597,1353.12492408,1032899.0,127967.66377711,8110.80779971
BTC_JPY,2020-06-03T07:25:25.153,20686794,1032644.0,1033356.0,0.1,0.5028,1942.39547597,1353.40200408,1033300.0,127965.94913518,8111.20779971
BTC_JPY,2020-06-03T07:25:30.493,20686890,1032656.0,1033322.0,0.1789,0.1,1941.85637597,1353.50200408,1033300.0,127963.64189967,8111.19779971
BTC_JPY,2020-06-03T07:25:34.997,20687000,1032666.0,1033276.0,0.3789,0.04902,1941.70537597,1353.25982408,1033300.0,127963.89311306,8111.19779971
BTC_JPY,2020-06-03T07:25:39.91,20687111,1032679.0,1033300.0,0.1787,0.5028,1941.23517597,1353.44443408,1033300.0,127941.43370899999,8105.56927958
BTC_JPY,2020-06-03T07:25:45.053,20687257,1032692.0,1033327.0,0.3833,0.052539999999999996,1941.17977584,1353.06584408,1033300.0,127934.24763969,8102.84931811
BTC_JPY,2020-06-03T07:25:50.213,20687411,1032634.0,1033285.0,0.3336,0.5028,1940.86226597,1353.56317408,1033300.0,127933.1789994,8102.83931811
BTC_JPY,2020-06-03T07:25:54.77,20687523,1032647.0,1033345.0,0.5301,0.1,1941.24437597,1353.41910408,1033300.0,127926.10685341,8102.83931811
BTC_JPY,2020-06-03T07:25:59.707,20687635,1032661.0,1033345.0,0.3327,0.1,1943.92200597,1353.06639737,1033300.0,127925.12627707,8102.83931811
BTC_JPY,2020-06-03T07:26:04.93,20687769,1032675.0,1033357.0,0.3012,0.1515,1943.44471085,1350.46939737,1033300.0,127926.09168708,8102.83931811
BTC_JPY,2020-06-03T07:26:09.357,20687888,1032687.0,1033436.0,0.3,0.5028,1942.34912085,1353.16754897,1033300.0,127926.34302721,8102.65931811
BTC_JPY,2020-06-03T07:26:14.593,20687979,1032697.0,1033448.0,0.3,0.5128,1943.64532085,1353.07754897,1033300.0,127929.21358721,8103.65931811
BTC_JPY,2020-06-03T07:26:19.53,20688039,1032718.0,1033408.0,0.2,0.1,1942.24576926,1353.42822897,1033300.0,127929.66826454,8103.65931811
BTC_JPY,2020-06-03T07:26:25.26,20688122,1032622.0,1033347.0,0.053110000000000004,0.1,1943.13532085,1353.53044897,1033300.0,127931.58411679,8103.65931811
BTC_JPY,2020-06-03T07:26:29.487,20688221,1032737.0,1033426.0,0.6779,0.1,1943.72933035,1352.86200738,1033346.0,127935.5223365,8103.85931811
BTC_JPY,2020-06-03T07:26:34.43,20688332,1032760.0,1033449.0,0.133,0.14800000000000002,1943.43620256,1353.01143118,1033346.0,127942.26475844,8103.85931811
BTC_JPY,2020-06-03T07:26:39.627,20688436,1032822.0,1033438.0,0.15,0.1,1943.33493256,1353.16274118,1033346.0,127942.42327568,8103.85931811
BTC_JPY,2020-06-03T07:26:45.017,20688563,1032836.0,1033496.0,0.7232,0.511,1943.76333256,1353.24816118,1033520.0,127941.68983268,8104.34587511
BTC_JPY,2020-06-03T07:26:49.61,20688676,1032851.0,1033485.0,0.5731,0.1,1944.17880256,1350.00402118,1033520.0,127942.00071660001,8104.24387511
BTC_JPY,2020-06-03T07:26:55.033,20688837,1032884.0,1033667.0,0.1,0.3,1943.53588256,1350.91133118,1033520.0,127934.21980708,8104.19387511
BTC_JPY,2020-06-03T07:26:59.62,20688949,1032899.0,1033619.0,0.3,0.511,1943.20990256,1352.22633118,1033520.0,127926.43277876,8104.06307699
BTC_JPY,2020-06-03T07:27:04.36,20689070,1032921.0,1033659.0,0.0757,0.511,1939.6183403,1351.17779738,1033520.0,127928.86797905,8104.06307699
BTC_JPY,2020-06-03T07:27:09.567,20689235,1032962.0,1033721.0,0.3,0.511,1938.8602403,1352.00839392,1033520.0,127927.09307047,8104.06307699
BTC_JPY,2020-06-03T07:27:14.967,20689394,1032992.0,1033722.0,0.31,0.1,1938.19364017,1351.43829738,1033520.0,127931.78290625,8104.05307699
BTC_JPY,2020-06-03T07:27:19.753,20689508,1033002.0,1033693.0,0.05449,0.15,1939.8306303,1352.13706391,1033520.0,127938.14945092,8104.05307699
BTC_JPY,2020-06-03T07:27:24.79,20689578,1033152.0,1033646.0,0.5,0.1,1937.9496403,1351.27769724,1033520.0,127936.70155043,8102.44585998
BTC_JPY,2020-06-03T07:30:10.573,20692868,1033747.0,1034096.0,0.1485,1.0,1942.25127028,1341.2330573,1034043.0,127930.87226536,8100.91998306
BTC_JPY,2020-06-03T07:30:14.487,20692997,1034107.0,1034500.0,0.1,0.03,1940.32726446,1337.42655802,1034290.0,127956.36546558,8105.02098306
BTC_JPY,2020-06-03T07:30:20.057,20693084,1034107.0,1034500.0,0.1,0.03,1938.20442374,1339.37104802,1034290.0,127969.3067123,8105.02098306
BTC_JPY,2020-06-03T07:30:25.327,20693137,1034096.0,1034500.0,0.02,0.03,1938.50076468,1339.32335802,1034290.0,127983.28785975,8105.00098506
BTC_JPY,2020-06-03T07:30:29.807,20693192,1034107.0,1034500.0,0.1,0.03,1937.57535442,1337.9744572999996,1034290.0,127991.15734384,8104.99098606
BTC_JPY,2020-06-03T07:30:34.977,20693271,1034131.0,1034500.0,0.1,0.03,1939.67966455,1338.21235802,1034290.0,127997.04390708,8104.28098706
BTC_JPY,2020-06-03T07:30:40.023,20693370,1034161.0,1034500.0,0.3,0.03,1938.44106455,1338.25981802,1034290.0,128008.21720627,8104.27665671
BTC_JPY,2020-06-03T07:30:44.933,20693439,1034208.0,1034500.0,0.15,0.03,1938.94600455,1336.58885789,1034290.0,128003.9318109,8103.95978706
BTC_JPY,2020-06-03T07:30:49.5,20693497,1034122.0,1034500.0,0.15,0.03,1937.98337455,1336.88885802,1034290.0,128006.04686521,8103.95411841
BTC_JPY,2020-06-03T07:30:54.16,20693538,1034132.0,1034500.0,0.1,0.03,1937.3776342,1336.89185802,1034121.0,128005.62113556,8104.11838876
BTC_JPY,2020-06-03T07:30:59.783,20693591,1034603.0,1035000.0,0.1,1.151,1938.95650454,1334.8310973,1034510.0,128007.57924815,8104.27838876
BTC_JPY,2020-06-03T07:31:03.903,20693746,1035510.0,1036000.0,0.4413,8.53099902,1945.57136396,1330.4560963,1036000.0,128051.10555837,8109.91478641
BTC_JPY,2020-06-03T07:31:09.553,20693955,1036358.0,1036359.0,0.3,2.33500289,1940.74270747,1315.69952132,1036359.0,128099.66602999,8124.92986139
BTC_JPY,2020-06-03T07:31:14.707,20694105,1035890.0,1036355.0,0.31,0.2,1924.82493235,1319.88786995,1035962.0,128121.85227488,8128.72875239
BTC_JPY,2020-06-03T07:31:19.963,20694251,1035540.0,1035856.0,0.1,0.32,1920.15505385,1297.83012523,1035990.0,128156.61502488,8128.7727065
BTC_JPY,2020-06-03T07:31:24.963,20694359,1035549.0,1036253.0,0.31,0.6261,1919.87124941,1297.61194806,1035855.0,128198.61519884,8129.3497065
BTC_JPY,2020-06-03T07:31:29.58,20694447,1035500.0,1035939.0,0.01,0.32,1918.67744385,1298.19540805,1035552.0,128236.84345703,8129.51573224
BTC_JPY,2020-06-03T07:31:34.557,20694553,1035990.0,1036188.0,0.00965,0.25,1921.72866803,1298.10640368,1035552.0,128263.05325767,8129.36773224
BTC_JPY,2020-06-03T07:31:39.91,20694657,1035990.0,1036188.0,0.00965,0.02,1920.69902391,1301.97262953,1036188.0,128273.96345779,8129.61773224
BTC_JPY,2020-06-03T07:31:44.853,20694762,1035990.0,1036414.0,0.00965,0.2903,1920.00122327,1302.48684966,1036188.0,128270.3671684,8129.62773324
BTC_JPY,2020-06-03T07:31:49.673,20694879,1035691.0,1036433.0,1.0,0.5,1920.70273327,1302.59571905,1036413.0,128273.90005691,8129.64773324
BTC_JPY,2020-06-03T07:31:54.87,20694985,1035711.0,1036432.0,0.1952,0.6194,1920.48993327,1303.68326905,1036413.0,128278.44439438,8128.64773324
BTC_JPY,2020-06-03T07:31:59.853,20695067,1035896.0,1036393.0,0.01,0.32,1920.62464675,1305.90678253,1036413.0,128280.34856538,8128.64773324
BTC_JPY,2020-06-03T07:32:04.367,20695130,1035896.0,1036207.0,0.01,0.32,1921.10971388,1305.88778253,1036413.0,128282.76252689,8128.64773324
BTC_JPY,2020-06-03T07:32:09.677,20695232,1035410.0,1036191.0,0.9,0.17035999999999998,1918.78609806,1309.42958384,1035500.0,128296.57465825,8129.92717324
BTC_JPY,2020-06-03T07:32:14.567,20695344,1035282.0,1035775.0,0.3,0.17035999999999998,1919.64588806,1309.86821965,1035500.0,128314.57434587,8129.92717324
BTC_JPY,2020-06-03T07:32:19.713,20695468,1035307.0,1036185.0,0.8419,0.6232,1919.94400388,1308.24951383,1035500.0,128329.35185321,8129.88717724
BTC_JPY,2020-06-03T07:32:24.637,20695593,1035337.0,1036185.0,0.3,0.6232,1922.85909806,1310.80432965,1035500.0,128344.06219141,8129.88717724
BTC_JPY,2020-06-03T07:35:10.373,20699462,1034023.0,1034656.0,0.14,0.26,1921.73100721,1311.95796657,1034496.0,128666.25553844,8137.11346104
BTC_JPY,2020-06-03T07:35:14.567,20699576,1034042.0,1034840.0,0.564,0.051539999999999996,1924.71041721,1312.23800657,1034496.0,128663.18644303,8137.11346104
BTC_JPY,2020-06-03T07:35:19.663,20699688,1034051.0,1034793.0,0.03,0.35,1924.94168721,1312.49446657,1034496.0,128664.77068204,8137.09346104
BTC_JPY,2020-06-03T07:35:24.97,20699766,1034051.0,1034750.0,0.03,0.2,1925.33122721,1311.55596657,1034496.0,128660.83134173,8137.09346104
BTC_JPY,2020-06-03T07:35:29.203,20699821,1034051.0,1034715.0,0.03,0.04987,1925.48269721,1310.92633657,1034496.0,128662.87148979,8136.87346104
BTC_JPY,2020-06-03T07:35:35.353,20699914,1034051.0,1034822.0,0.03,0.26,1924.72770708,1308.71046657,1034496.0,128662.08678653,8136.87346104
BTC_JPY,2020-06-03T07:35:39.827,20700023,1034051.0,1034786.0,0.03,0.15,1924.94205721,1311.44453657,1034496.0,128661.10085797,8136.87346104
BTC_JPY,2020-06-03T07:35:45.197,20700118,1034051.0,1034832.0,0.03,0.15,1926.77838721,1308.45146657,1034496.0,128661.76837106,8136.87346104
BTC_JPY,2020-06-03T07:35:50.153,20700256,1034066.0,1034897.0,0.564,0.1485,1926.24640721,1310.31046657,1034496.0,128663.47814198,8136.87346104
BTC_JPY,2020-06-03T07:35:54.09,20700354,1034078.0,1035032.0,0.44,0.32,1927.29590721,1310.11196657,1034881.0,128666.79280286,8136.87946104
BTC_JPY,2020-06-03T07:36:00.17,20700513,1034118.0,1035017.0,0.564,0.2,1926.61584277,1309.52898322,1034496.0,128669.36551037,8136.78846104
BTC_JPY,2020-06-03T07:36:05.28,20700692,1034464.0,1035235.0,0.5602,0.26,1927.03287721,1308.88066657,1034496.0,128676.44680227,8136.78846104
BTC_JPY,2020-06-03T07:36:10.12,20700804,1034508.0,1035201.0,0.5602,0.2,1927.30331721,1308.41066657,1034496.0,128678.76784042,8136.78846104
BTC_JPY,2020-06-03T07:36:14.313,20700908,1034541.0,1035225.0,1.0,0.26,1925.57056721,1305.20966657,1034496.0,128680.39526042,8136.78846104
BTC_JPY,2020-06-03T07:36:19.787,20701026,1034556.0,1035088.0,1.31,0.2,1923.96830385,1306.71166657,1034496.0,128683.78935019998,8136.78846104
BTC_JPY,2020-06-03T07:36:24.867,20701104,1034557.0,1035148.0,0.15,0.04515,1924.12100721,1306.64681657,1035153.0,128687.22147404,8136.79846104
BTC_JPY,2020-06-03T07:36:29.667,20701190,1034553.0,1035125.0,0.15,0.26,1924.26863378,1307.75141314,1035153.0,128684.88680788,8136.79846104
BTC_JPY,2020-06-03T07:36:35.03,20701322,1034557.0,1035015.0,0.15,0.7102,1925.04897378,1307.53611314,1035153.0,128700.60993204,8136.79846104
BTC_JPY,2020-06-03T07:36:40.037,20701453,1034496.0,1034966.0,0.02,0.0935,1925.02168378,1307.28824314,1035153.0,128708.55622972,8136.79846104
BTC_JPY,2020-06-03T07:36:44.537,20701585,1034529.0,1035270.0,1.0,0.26,1925.45192378,1306.13636321,1035153.0,128717.98573985,8136.79846104
BTC_JPY,2020-06-03T07:36:49.68,20701724,1034612.0,1035281.0,0.15,0.1,1926.36660385,1305.60636322,1035153.0,128721.45573985,8136.79846104
BTC_JPY,2020-06-03T07:36:54.81,20701853,1034702.0,1035281.0,0.3,0.002,1925.93525378,1303.16045315,1035281.0,128731.20519919,8136.89646104
BTC_JPY,2020-06-03T07:36:59.42,20701951,1034799.0,1035153.0,1.0,0.17,1925.26985378,1304.57151301,1035152.0,128740.22084917,8137.06306104
BTC_JPY,2020-06-03T07:37:04.503,20702005,1034820.0,1035312.0,0.31,0.26,1924.63157365,1303.91741314,1035153.0,128741.07364404,8137.23306104
BTC_JPY,2020-06-03T07:37:09.283,20702093,1034821.0,1035334.0,0.2,0.15,1925.37359378,1303.09171314,1035153.0,128739.50700936,8137.23306104
BTC_JPY,2020-06-03T07:37:14.293,20702207,1035110.0,1035152.0,0.1,0.0425,1925.46709378,1303.31317314,1035153.0,128739.67532375,8137.03306104
BTC_JPY,2020-06-03T07:37:20.293,20702339,1035110.0,1035152.0,0.1,0.0425,1923.70252378,1301.57525322,1035153.0,128740.70839936,8137.03306104
BTC_JPY,2020-06-03T07:37:24.95,20702403,1035113.0,1035152.0,0.31,0.00085,1923.42751378,1302.80633315,1035152.0,128742.39769578,8137.07471104
BTC_JPY,2020-06-03T07:40:10.42,20706816,1034107.0,1034964.0,0.5538,0.05409,1927.20307586,1306.42270921,1034256.0,129030.61325541,8146.54189938
BTC_JPY,2020-06-03T07:40:15,20706948,1034044.0,1034764.0,0.2,0.1,1927.26863703,1308.3303864,1034256.0,129030.36173039,8146.33189938
BTC_JPY,2020-06-03T07:40:19.957,20707066,1034000.0,1034733.0,0.128,0.15,1926.78563984,1308.1288164,1034256.0,129013.4333975,8145.54189938
BTC_JPY,2020-06-03T07:40:24.08,20707156,1034000.0,1034680.0,0.128,0.5538,1926.92077703,1308.5097864,1034256.0,129012.18148092,8145.54189938
BTC_JPY,2020-06-03T07:40:29.65,20707222,1034000.0,1034560.0,0.128,0.5538,1927.07061703,1310.3128864,1034256.0,129009.16703427,8145.54189938
BTC_JPY,2020-06-03T07:40:34.56,20707350,1034155.0,1034789.0,0.7538,0.05262000000000002,1927.88461051,1309.78240641,1034256.0,129012.26489811,8145.54189938
BTC_JPY,2020-06-03T07:40:39.707,20707485,1034167.0,1034899.0,0.5538,0.04757,1927.82982064,1310.14625641,1034256.0,129010.63225575,8145.54189938
BTC_JPY,2020-06-03T07:40:45.537,20707644,1034192.0,1034935.0,0.2,0.04621,1927.22385064,1309.42799641,1034256.0,129008.27699275,8145.53189938
BTC_JPY,2020-06-03T07:40:50.197,20707761,1034188.0,1034887.0,0.5538,0.1,1927.44846064,1308.92891922,1034256.0,129010.0408872,8145.53189938
BTC_JPY,2020-06-03T07:40:54.637,20707901,1034046.0,1035059.0,0.30000013,0.5137,1928.32578064,1310.2267864,1034256.0,129011.9383782,8145.53189938
BTC_JPY,2020-06-03T07:40:59.853,20708056,1034256.0,1035014.0,0.02,0.8133,1927.84966064,1310.8848864,1034256.0,129007.54006368,8145.53189938
BTC_JPY,2020-06-03T07:41:04.507,20708191,1034256.0,1034959.0,0.01,0.1,1928.03924064,1311.2151064000002,1034256.0,129006.65179487,8145.54189938
BTC_JPY,2020-06-03T07:41:09.593,20708342,1034256.0,1034757.0,0.01,0.5538,1925.29824345,1311.6276764000004,1034256.0,129009.74315648,8145.54189938
BTC_JPY,2020-06-03T07:41:14.923,20708415,1034256.0,1034734.0,0.01,0.3,1930.15405064,1311.5835864,1034256.0,129014.6895668,8145.54189938
BTC_JPY,2020-06-03T07:41:20.073,20708569,1034276.0,1035121.0,0.2,0.15,1931.05460064,1309.82787641,1034815.0,129019.43607703,8145.85189938
BTC_JPY,2020-06-03T07:41:24.313,20708714,1034256.0,1035073.0,0.01,0.457,1929.84633479,1308.71277056,1034815.0,129016.93170713,8145.62189938
BTC_JPY,2020-06-03T07:41:30.18,20708899,1034272.0,1035016.0,0.5537,0.04599,1928.29533466,1308.13356055,1034815.0,129019.37593896,8145.62189938
BTC_JPY,2020-06-03T07:41:35.323,20709035,1034256.0,1034978.0,0.01,0.05286,1927.39674479,1306.50363054,1034815.0,129017.28282959,8145.62189938
BTC_JPY,2020-06-03T07:41:39.2,20709122,1034256.0,1034940.0,0.039,0.4559,1928.17509479,1307.25302054,1034815.0,129016.95187959,8145.62189938
BTC_JPY,2020-06-03T07:41:45.11,20709241,1034256.0,1035002.0,0.039,0.4568,1928.37509479,1304.89039041,1034815.0,129017.03608901,8145.62189938
BTC_JPY,2020-06-03T07:41:50.42,20709391,1034270.0,1034963.0,0.2,0.4563,1927.68074345,1306.35042054,1034815.0,128990.90986425,8145.28190038
BTC_JPY,2020-06-03T07:41:54.253,20709499,1034256.0,1034932.0,0.039,0.457,1929.32009479,1305.28897054,1034815.0,128981.09588347,8145.27190138
BTC_JPY,2020-06-03T07:41:59.91,20709685,1034256.0,1035007.0,0.039,0.32,1928.71120479,1306.45797054,1034815.0,128975.41347317,8144.62903838
BTC_JPY,2020-06-03T07:42:04.223,20709784,1034283.0,1035114.0,0.05238,0.15,1929.64557479,1307.1752892000004,1034815.0,128975.86028949,8144.62603838
BTC_JPY,2020-06-03T07:42:09.247,20709879,1034293.0,1035070.0,0.31,0.05133,1929.92319479,1307.87859934,1034279.0,128967.18258415,8144.86603938
BTC_JPY,2020-06-03T07:42:15.02,20710003,1034311.0,1035102.0,0.31,0.5522,1930.32104175,1308.2721775,1034309.0,128965.04417839,8144.85603938
BTC_JPY,2020-06-03T07:42:18.747,20710065,1034303.0,1035083.0,0.3,0.7422988,1930.31104175,1308.2622763,1034309.0,128964.63699256,8144.84604038
BTC_JPY,2020-06-03T07:42:25.263,20710145,1034315.0,1035150.0,0.2,0.5522,1930.26424175,1308.7936775,1034309.0,128957.68351049,8144.83604138
BTC_JPY,2020-06-03T07:45:04.783,20713569,1034121.0,1034945.0,0.04852,0.5431,1931.78688504,1308.6757808,1034633.0,128803.73717483,8123.61672528
BTC_JPY,2020-06-03T07:45:10.27,20713683,1034116.0,1034897.0,0.2013,0.05069,1931.17111504,1307.62145857,1034633.0,128801.817292,8122.59772528
BTC_JPY,2020-06-03T07:45:14.97,20713798,1034119.0,1034874.0,0.15,0.5431,1931.44708504,1310.60373723,1034633.0,128779.88790236,8122.49772528
BTC_JPY,2020-06-03T07:45:19.813,20713911,1034140.0,1034859.0,0.15,0.1,1930.90847504,1310.90182736,1034443.0,128777.54964166,8122.54772528
BTC_JPY,2020-06-03T07:45:24.993,20714024,1034147.0,1034842.0,1.0,0.1,1929.44908504,1312.06075737,1034443.0,128779.01030631,8122.54772528
BTC_JPY,2020-06-03T07:45:29.193,20714126,1034000.0,1034809.0,0.128,0.5431,1929.09472605,1312.26404193,1034443.0,128773.08969755,8122.54772528
BTC_JPY,2020-06-03T07:45:34.463,20714234,1034443.0,1034811.0,0.1,0.8831988000000002,1930.50487345,1312.00965074,1034443.0,128774.24583401,8122.53772528
BTC_JPY,2020-06-03T07:45:39.72,20714356,1034074.0,1034843.0,1.0,0.1,1929.54642618,1311.52414194,1034443.0,128770.50006982,8122.62772528
BTC_JPY,2020-06-03T07:45:44.82,20714479,1034153.0,1035066.0,0.15,0.5397,1931.81862618,1311.30104194,1034443.0,128772.90667348,8122.62772528
BTC_JPY,2020-06-03T07:45:50.08,20714586,1034025.0,1035008.0,0.32,0.19009879999999998,1932.76052618,1311.57974074,1034443.0,128766.94039693,8122.62540228
BTC_JPY,2020-06-03T07:45:55.043,20714726,1034070.0,1034977.0,0.31,0.1,1934.19582618,1309.04382073,1034443.0,128760.11184298,8121.62800228
BTC_JPY,2020-06-03T07:45:59.74,20714849,1034104.0,1034958.0,0.5397,0.30000013,1934.01602618,1308.63099194,1034443.0,128759.96197298,8120.62800228
BTC_JPY,2020-06-03T07:46:04.78,20714994,1034132.0,1034957.0,0.3,0.19009879999999998,1934.21996618,1309.07209074,1034443.0,128757.05064718,8120.62800228
BTC_JPY,2020-06-03T07:46:10.19,20715147,1034144.0,1034943.0,0.5397,0.30000013,1934.19571618,1309.19995194,1034443.0,128757.47964718,8120.13100228
BTC_JPY,2020-06-03T07:46:14.777,20715283,1034000.0,1034686.0,3.128,0.6897,1933.48172605,1310.79114195,1034443.0,128768.29858267,8120.13100228
BTC_JPY,2020-06-03T07:46:19.957,20715411,1034000.0,1034589.0,3.128,0.15,1934.37482618,1310.11327195,1034443.0,128765.69652152,8120.13100228
BTC_JPY,2020-06-03T07:46:24.863,20715532,1034000.0,1034556.0,3.128,0.5397,1934.07756605,1309.57049182,1034443.0,128763.68239152,8120.12100228
BTC_JPY,2020-06-03T07:46:30,20715643,1034001.0,1034544.0,0.3179,0.15,1933.07946618,1309.84814195,1034443.0,128765.95606839,8119.23345927
BTC_JPY,2020-06-03T07:46:34.38,20715725,1034001.0,1034536.0,0.282,0.2,1934.55272618,1309.71064193,1034443.0,128766.97754401,8118.27345927
BTC_JPY,2020-06-03T07:46:39.43,20715880,1034403.0,1034881.0,0.2,0.26999999,1934.03128197,1294.77044773,1034565.0,128774.03654768,8119.36457007
BTC_JPY,2020-06-03T07:46:44.777,20715990,1034417.0,1034881.0,0.5184,0.26999999,1936.26488197,1293.30263773,1034565.0,128775.62756062,8118.16102706
BTC_JPY,2020-06-03T07:46:50.157,20716112,1034419.0,1034881.0,0.5183,0.26999999,1935.58382907,1293.26579483,1034565.0,128783.14470396,8118.13102707
BTC_JPY,2020-06-03T07:46:54.877,20716231,1034274.0,1034880.0,0.32,0.30000013,1935.58410907,1304.88509483,1034565.0,128786.96402121,8118.11102707
BTC_JPY,2020-06-03T07:47:00.243,20716302,1034435.0,1034880.0,0.2,0.11000013,1936.77710907,1304.11269483,1034880.0,128783.99728044,8118.28102707
BTC_JPY,2020-06-03T07:47:05.203,20716362,1034477.0,1034881.0,0.2,0.26999999,1936.48273894,1305.63699483,1034880.0,128786.06561521,8118.27102707
BTC_JPY,2020-06-03T07:47:09.12,20716413,1034486.0,1034881.0,0.32,0.26999999,1936.58538749,1305.58567325,1034880.0,128788.40013052,8118.20102707
BTC_JPY,2020-06-03T07:47:14.55,20716450,1034486.0,1034881.0,0.32,0.26999999,1936.66829749,1307.23930325,1034880.0,128790.31534764,8117.90102707
BTC_JPY,2020-06-03T07:47:18.833,20716485,1034530.0,1034881.0,0.32,0.26999999,1936.66829749,1304.24059325,1034880.0,128786.77420378,8117.88102707
BTC_JPY,2020-06-03T07:50:04.74,20719536,1034232.0,1034831.0,0.62,0.1,1942.59222695,1307.54243272,1034441.0,128716.8626926,8107.99628328
BTC_JPY,2020-06-03T07:50:09.887,20719650,1034239.0,1034805.0,0.31142,0.15,1942.79464695,1307.94256922,1034441.0,128712.35011251,8107.79628328
BTC_JPY,2020-06-03T07:50:15.007,20719730,1034253.0,1034805.0,0.2625,0.3,1942.87575141,1307.98927718,1034441.0,128709.18011251,8107.79628328
BTC_JPY,2020-06-03T07:50:20.03,20719817,1034233.0,1034805.0,0.2627,0.3,1943.04395141,1308.25736718,1034441.0,128707.55019222,8107.79628328
BTC_JPY,2020-06-03T07:50:24.253,20719886,1034244.0,1034802.0,0.2,0.15,1942.99125141,1308.40836718,1034441.0,128702.78519222,8107.79628328
BTC_JPY,2020-06-03T07:50:29.563,20719966,1034233.0,1034771.0,0.2,0.1,1943.46482345,1308.54829718,1034441.0,128688.81604325,8107.24938328
BTC_JPY,2020-06-03T07:50:35.227,20720100,1034232.0,1034782.0,0.62,0.5197,1940.34066141,1308.08516718,1034441.0,128684.11874325,8105.66378328
BTC_JPY,2020-06-03T07:50:40.133,20720218,1034256.0,1034779.0,0.4,0.15,1941.03368141,1308.09416718,1034441.0,128681.10566356,8105.46378328
BTC_JPY,2020-06-03T07:50:44.323,20720290,1034233.0,1034751.0,0.2,0.5197,1941.10124141,1308.56786718,1034441.0,128679.30875388,8105.46378328
BTC_JPY,2020-06-03T07:50:49.37,20720390,1034239.0,1034743.0,0.2,0.5197,1941.38046345,1309.05286731,1034441.0,128675.73307552,8104.81810497
BTC_JPY,2020-06-03T07:50:54.677,20720502,1034241.0,1034740.0,0.2,0.092,1941.07255141,1308.77846718,1034740.0,128676.16754416,8104.84610497
BTC_JPY,2020-06-03T07:50:59.923,20720595,1034242.0,1034797.0,0.2594,0.15,1941.10965141,1308.75296718,1034740.0,128674.83384416,8104.84610497
BTC_JPY,2020-06-03T07:51:05.023,20720670,1034259.0,1034796.0,0.2,0.15,1940.31075141,1308.51596718,1034740.0,128671.94943942,8104.73610497
BTC_JPY,2020-06-03T07:51:09.813,20720776,1034233.0,1034796.0,0.2607,0.15,1941.12083596,1307.77665922,1034740.0,128666.15960692,8104.46810597
BTC_JPY,2020-06-03T07:51:14.717,20720856,1034442.0,1034804.0,0.2598,0.15,1942.51593596,1307.96367173,1034740.0,128665.65570541,8104.45810697
BTC_JPY,2020-06-03T07:51:19.937,20720900,1034442.0,1034805.0,0.2596,0.15,1941.81669345,1308.10692173,1034740.0,128664.86101478,8104.45810697
BTC_JPY,2020-06-03T07:51:24.91,20720935,1034251.0,1034805.0,0.2578,0.15,1943.10428596,1307.78472173,1034441.0,128664.98007878,8104.65810697
BTC_JPY,2020-06-03T07:51:29.96,20721034,1034284.0,1034804.0,0.05106,0.3,1943.70959596,1307.70400909,1034441.0,128664.30332815,8104.65810697
BTC_JPY,2020-06-03T07:51:34.963,20721145,1034319.0,1034803.0,0.1,0.30000013,1943.28254596,1307.94871718,1034441.0,128666.32431478,8104.64910697
BTC_JPY,2020-06-03T07:51:40.02,20721220,1034234.0,1034803.0,0.2,0.30000013,1943.19525141,1308.26502718,1034441.0,128666.8417846,8104.63010697
BTC_JPY,2020-06-03T07:51:44.14,20721292,1034239.0,1034804.0,0.05317,0.15,1943.58552141,1308.27336718,1034441.0,128660.21710788,8104.61230697
BTC_JPY,2020-06-03T07:51:50.093,20721347,1034234.0,1034804.0,0.0602,0.15,1942.24504345,1308.25876718,1034441.0,128657.7328063,8104.61230697
BTC_JPY,2020-06-03T07:51:54.623,20721453,1034000.0,1034513.0,3.128,0.15,1942.00359141,1308.93519718,1034233.0,128663.19059939,8104.62030797
BTC_JPY,2020-06-03T07:51:59.8,20721573,1034000.0,1034499.0,3.128,0.8622,1943.22359141,1309.85840922,1034233.0,128662.78558562,8103.60830797
BTC_JPY,2020-06-03T07:52:05.103,20721692,1034001.0,1034487.0,0.1836,0.15,1942.90637939,1309.90124516,1034498.0,128660.95828632,8103.50520797
BTC_JPY,2020-06-03T07:52:09.683,20721782,1034000.0,1034477.0,3.128,0.5089,1942.47039939,1309.14783503,1034484.0,128661.32163339,8103.25520797
BTC_JPY,2020-06-03T07:52:14.593,20721856,1034000.0,1034467.0,3.128,0.2,1944.1034048,1309.57784057,1034484.0,128655.78273339,8103.09520797
BTC_JPY,2020-06-03T07:52:20.317,20721934,1034000.0,1034467.0,3.128,0.5089,1943.1934048,1308.98069922,1034484.0,128640.07532094,8102.99811561
BTC_JPY,2020-06-03T07:55:05.213,20724730,1034089.0,1034531.0,0.31,0.17062361,1948.32407626,1317.29814563,1034531.0,128363.8785875,8050.45650089
BTC_JPY,2020-06-03T07:55:09.97,20724782,1034119.0,1034949.0,1.0,0.5147,1948.84093626,1314.19403203,1034532.0,128362.89579121,8051.2251245000025
BTC_JPY,2020-06-03T07:55:14.427,20724894,1034139.0,1034898.0,0.05368,0.6647,1947.82258345,1315.91014212,1034532.0,128356.18934365,8051.1031245
BTC_JPY,2020-06-03T07:55:19.383,20725045,1034125.0,1034842.0,0.15,0.5147,1948.14158635,1315.79060212,1034532.0,128352.54820308,8049.412123
BTC_JPY,2020-06-03T07:55:25.003,20725126,1034149.0,1034814.0,0.04923,0.5147,1947.94503345,1316.46270212,1034532.0,128347.00045326,8049.27292272
BTC_JPY,2020-06-03T07:55:28.91,20725217,1034097.0,1034795.0,1.05366,0.10144868,1948.50654635,1315.5081507999996,1034799.0,128341.14439392,8049.31002536
BTC_JPY,2020-06-03T07:55:34.477,20725332,1034431.0,1034813.0,0.1759,0.30000013,1938.47503635,1315.16624212,1034799.0,128337.02761421,8049.31002536
BTC_JPY,2020-06-03T07:55:39.647,20725386,1034432.0,1034887.0,0.3758,0.1,1938.31852635,1316.06380922,1034827.0,128327.41553063,8049.59542536
BTC_JPY,2020-06-03T07:55:44.413,20725473,1034431.0,1034873.0,0.2,0.15,1939.25118244,1316.62490922,1034827.0,128324.00967698,8049.57542536
BTC_JPY,2020-06-03T07:55:49.677,20725552,1034430.0,1034971.0,2.0,0.3,1939.05118244,1316.18442821,1034827.0,128299.99698337,8049.05542536
BTC_JPY,2020-06-03T07:55:54.453,20725646,1034431.0,1034920.0,0.2,0.1,1950.66118244,1316.22985821,1034827.0,128295.71407252,8048.32042536
BTC_JPY,2020-06-03T07:55:59.943,20725735,1034431.0,1034880.0,0.2,0.1,1950.58196244,1316.24434821,1034827.0,128288.5051461,8048.24042536
BTC_JPY,2020-06-03T07:56:04.397,20725798,1034431.0,1034904.0,0.2,0.1,1950.58196244,1316.3563182,1034827.0,128286.29928359999,8048.24042536
BTC_JPY,2020-06-03T07:56:09.347,20725873,1034431.0,1034873.0,0.2,0.1,1950.59237244,1316.0044682,1034872.0,128288.37579578,8048.38012536
BTC_JPY,2020-06-03T07:56:14.76,20725971,1034430.0,1034864.0,2.0,0.10144868,1950.37387244,1313.88442675,1034872.0,128279.30910566,8048.35012536
BTC_JPY,2020-06-03T07:56:20.037,20726067,1034431.0,1034815.0,0.2,0.15,1947.55377244,1316.6395281999999,1034851.0,128268.04713726,8048.36012536
BTC_JPY,2020-06-03T07:56:24.917,20726167,1034284.0,1034787.0,0.62,0.35,1946.60110345,1316.4750982,1034430.0,128269.36763726,8050.46012536
BTC_JPY,2020-06-03T07:56:29.157,20726251,1034284.0,1034768.0,0.62,0.5176,1947.38131575,1316.48375151,1034772.0,128241.59885077,8050.63562536
BTC_JPY,2020-06-03T07:56:35.677,20726355,1034431.0,1034983.0,0.09855132,0.61904868,1949.28774707,1315.91560789,1034772.0,128242.37185077,8050.63562536
BTC_JPY,2020-06-03T07:56:39.687,20726466,1034431.0,1034930.0,0.09855132,0.1,1947.117615,1317.14604944,1034772.0,128233.92083928,8048.24492637
BTC_JPY,2020-06-03T07:56:45.037,20726546,1034431.0,1034875.0,0.09855132,0.1,1946.807615,1317.51258931,1034921.0,128231.34451228,8048.36142637
BTC_JPY,2020-06-03T07:56:49.317,20726623,1034431.0,1034845.0,0.09855132,0.15,1948.10855748,1318.53279192,1034864.0,128228.59799031,8048.61142637
BTC_JPY,2020-06-03T07:56:54.497,20726712,1034112.0,1034823.0,0.1455,0.5102,1943.18080345,1318.98999193,1034430.0,128209.24956824,8050.39527668
BTC_JPY,2020-06-03T07:56:59.427,20726850,1034100.0,1034805.0,0.003,0.8771,1944.65506575,1319.11841392,1034806.0,128219.14373245,8050.56657668
BTC_JPY,2020-06-03T07:57:04.443,20726968,1034000.0,1034694.0,3.0860000000000003,0.7252,1945.89030345,1320.38845921,1034000.0,128221.35858019,8050.12757668
BTC_JPY,2020-06-03T07:57:09.607,20727095,1034000.0,1034485.0,3.0860000000000003,0.15,1943.72315181,1317.44294757,1034000.0,128224.44005571,8049.46602643
BTC_JPY,2020-06-03T07:57:15.43,20727176,1034000.0,1034474.0,3.0860000000000003,0.15,1945.86515194,1318.4407877,1034000.0,128224.85974085,8049.10011969
BTC_JPY,2020-06-03T07:57:19.903,20727243,1034001.0,1034467.0,0.11599999999999999,0.0885,1944.74309194,1316.99164771,1034467.0,128225.35952114,8049.16161969
BTC_JPY,2020-06-03T08:00:04.73,20729309,1033270.0,1033500.0,0.1,3.76009502,1943.02508523,1321.79177601,1033500.0,128184.08922322,8065.11469427
BTC_JPY,2020-06-03T08:00:09.743,20729357,1033270.0,1033500.0,0.1,3.75776991,1940.74449332,1319.07414899,1033500.0,128176.45343137,8065.11701938
BTC_JPY,2020-06-03T08:00:14.15,20729417,1033291.0,1034004.0,0.692701,0.2,1941.28767432,1316.51809908,1033500.0,128168.23082937,8064.54934449
BTC_JPY,2020-06-03T08:00:19.753,20729526,1033330.0,1034003.0,0.1455,0.2,1941.47516432,1316.76309909,1033500.0,128139.67521629,8064.54934449
BTC_JPY,2020-06-03T08:00:24.347,20729660,1033467.0,1034260.0,0.691701,0.5343,1943.42629105,1315.52136223,1034480.0,128109.47772978,8068.05847808
BTC_JPY,2020-06-03T08:00:30.007,20729766,1033487.0,1034253.0,0.31,0.39942464,1939.32467439,1315.38090013,1033001.0,128116.99629715,8074.69277808
BTC_JPY,2020-06-03T08:00:35.293,20729893,1033327.0,1033926.0,0.4408,0.5521,1940.02557439,1315.30187646,1033932.0,128120.34564677,8075.94937908
BTC_JPY,2020-06-03T08:00:39.59,20730028,1033357.0,1034022.0,0.3,0.05297,1939.88298605,1315.32228723,1033925.0,128122.67896512,8075.97624175
BTC_JPY,2020-06-03T08:00:44.497,20730143,1033384.0,1033998.0,0.85,0.32,1940.89402605,1313.8871655,1034105.0,128112.70860353,8076.203104800001
BTC_JPY,2020-06-03T08:00:49.807,20730287,1033423.0,1033997.0,0.75,0.5091,1940.72411921,1314.64345039,1034105.0,128105.0374957,8076.203104800001
BTC_JPY,2020-06-03T08:00:54.637,20730402,1033452.0,1033998.0,0.55,0.32,1940.80341921,1314.68488398,1033434.0,128091.31838938,8076.213104800001
BTC_JPY,2020-06-03T08:00:59.14,20730531,1033473.0,1034026.0,0.31,0.32,1941.81247859,1313.74618398,1033470.0,128056.54366141,8076.123104800001
BTC_JPY,2020-06-03T08:01:04.967,20730680,1033491.0,1034105.0,0.49,0.04829,1939.63822467,1314.66451944,1033000.0,128048.39779155,8079.1131068
BTC_JPY,2020-06-03T08:01:09.457,20730818,1033503.0,1034258.0,0.5001,0.2,1942.6927583,1311.51399909,1034538.0,128061.60957488,8083.1822978
BTC_JPY,2020-06-03T08:01:14.41,20730965,1033681.0,1034629.0,0.15,0.5429,1941.48576553,1315.60711678,1034169.0,128074.49206898,8086.412298800001
BTC_JPY,2020-06-03T08:01:20.02,20731104,1034170.0,1034595.0,0.534,0.32,1945.8781404,1312.10759909,1034300.0,128078.98419738,8086.0009272
BTC_JPY,2020-06-03T08:01:25.137,20731226,1034185.0,1034865.0,0.31,0.2004,1946.48040565,1310.65979909,1034630.0,128088.51171002,8086.8409322
BTC_JPY,2020-06-03T08:01:30.337,20731336,1034630.0,1034708.0,0.01,0.32,1944.84420826,1314.35788127,1034630.0,128093.03695708,8086.8409322
BTC_JPY,2020-06-03T08:01:34.89,20731383,1034264.0,1034641.0,0.31,0.32,1945.60360826,1314.04858127,1034630.0,128092.51185228,8086.70716279
BTC_JPY,2020-06-03T08:01:39.677,20731496,1034274.0,1034982.0,0.5988,0.5429999999999999,1945.11454826,1311.69848127,1034980.0,128097.07899739,8088.07539786
BTC_JPY,2020-06-03T08:01:45.433,20731646,1034291.0,1034985.0,0.15,1.3985685,1945.34818826,1309.50484977,1034985.0,128097.13092971,8088.42023936
BTC_JPY,2020-06-03T08:01:48.92,20731746,1034401.0,1034895.0,0.2,0.2,1943.58992607,1313.20012466,1034985.0,128106.92715968,8089.57974752
BTC_JPY,2020-06-03T08:01:55,20731914,1034011.0,1034520.0,0.3,0.26999999,1944.27044794,1311.70267114,1034306.0,128118.71139017,8090.71434751
BTC_JPY,2020-06-03T08:01:59.29,20732040,1034014.0,1034604.0,0.0662,0.2,1943.05785167,1310.58459956,1034635.0,128127.4601155,8094.37884988
BTC_JPY,2020-06-03T08:02:04.75,20732200,1034316.0,1034979.0,0.5,0.04844,1945.36686607,1309.28522982,1034604.0,128126.03040859,8094.57884988
BTC_JPY,2020-06-03T08:02:09.707,20732349,1034342.0,1034978.0,0.3485,0.48759871,1946.38188666,1309.80156856,1034978.0,128121.97011663,8094.79456322
BTC_JPY,2020-06-03T08:02:14.71,20732484,1034415.0,1034949.0,0.2,0.4958,1943.92724237,1310.74525749,1034978.0,128121.82010219,8094.68256322
BTC_JPY,2020-06-03T08:02:19.3,20732590,1034806.0,1034816.0,0.2,0.1,1944.67987237,1311.02808749,1034978.0,128124.54674208,8094.68256322
BTC_JPY,2020-06-03T08:05:04.437,20736349,1034346.0,1035000.0,0.4744,0.003,1945.83582273,1314.27073751,1035003.0,127948.44147906,8087.9860457
BTC_JPY,2020-06-03T08:05:10.2,20736484,1034371.0,1035000.0,0.2,0.14769000000000002,1946.13422389,1314.16381867,1035000.0,127918.50394460002,8080.69035991
BTC_JPY,2020-06-03T08:05:14.327,20736568,1034495.0,1035000.0,0.05105,0.13769,1945.13337376,1312.19421867,1035000.0,127908.66151858,8077.97390909
BTC_JPY,2020-06-03T08:05:19.483,20736662,1034513.0,1035000.0,0.4728,0.13769,1946.01212389,1314.26636867,1035000.0,127880.02309209,8073.45396251
BTC_JPY,2020-06-03T08:05:24.07,20736753,1034532.0,1035000.0,0.8228,0.13769,1946.43102389,1314.28570867,1035000.0,127871.52532309,8073.33696251
BTC_JPY,2020-06-03T08:05:30.16,20736868,1034560.0,1035000.0,0.052570000000000006,0.13769,1944.90699389,1314.07167867,1035000.0,127866.40719614,8073.23696251
BTC_JPY,2020-06-03T08:05:34.587,20736953,1034575.0,1035254.0,0.05171,0.1455,1944.73613389,1314.49913867,1035031.0,127863.09888755,8073.47183871
BTC_JPY,2020-06-03T08:05:39.703,20737048,1034626.0,1035000.0,0.2,0.013999999999999999,1944.92535389,1314.56944867,1035031.0,127857.65730309,8073.47183871
BTC_JPY,2020-06-03T08:05:44.97,20737151,1034638.0,1035254.0,0.4727,0.05038,1944.52422389,1314.48391854,1035003.0,127852.75936098,8073.68483871
BTC_JPY,2020-06-03T08:05:49.263,20737242,1034628.0,1035254.0,0.4727,0.05038,1944.32692444,1314.22881867,1035003.0,127845.07263569998,8073.17783871
BTC_JPY,2020-06-03T08:05:55.387,20737369,1034644.0,1035254.0,0.4727,0.05038,1944.73683196,1314.25181751,1035003.0,127839.78229996,8073.14783871
BTC_JPY,2020-06-03T08:06:00.167,20737474,1034656.0,1035254.0,0.5,0.05038,1945.04543196,1314.76167922,1035003.0,127838.94182389998,8073.09783871
BTC_JPY,2020-06-03T08:06:04.37,20737573,1034668.0,1035254.0,0.2,0.05038,1945.28199196,1315.71081751,1035003.0,127829.89458613,8072.99583871
BTC_JPY,2020-06-03T08:06:09.893,20737693,1034683.0,1035256.0,0.6727,0.053029999999999994,1945.88601196,1314.10646751,1035003.0,127794.32992779,8071.17983871
BTC_JPY,2020-06-03T08:06:15.04,20737764,1035004.0,1035261.0,0.2,0.1,1946.62738196,1313.52943751,1035003.0,127782.31288333,8071.02683871
BTC_JPY,2020-06-03T08:06:19.553,20737802,1035004.0,1035261.0,0.17521347,0.1,1947.00020543,1314.05143751,1035004.0,127772.98212744,8071.18683871
BTC_JPY,2020-06-03T08:06:25.043,20737846,1035004.0,1035256.0,0.17521347,0.04977,1947.00320505,1314.11620713,1035004.0,127769.88808744,8071.18683871
BTC_JPY,2020-06-03T08:06:29.683,20737865,1035004.0,1035256.0,0.17521347,0.04985,1946.69320492,1315.01628713,1035004.0,127759.64091493,8071.18483871
BTC_JPY,2020-06-03T08:06:34.64,20737914,1035003.0,1035253.0,1.02260637,0.15,1947.00790712,1313.99043713,1035003.0,127751.45559542,8071.7274478
BTC_JPY,2020-06-03T08:06:39.627,20737959,1035004.0,1035234.0,0.1,0.3,1946.80557712,1314.14143713,1035003.0,127752.12183268,8071.7139478
BTC_JPY,2020-06-03T08:06:44.893,20738007,1035004.0,1035260.0,0.1,0.3,1946.6119575,1314.47235751,1035003.0,127743.58180268,8071.5384478
BTC_JPY,2020-06-03T08:06:49.463,20738048,1035004.0,1035261.0,0.1,0.1,1946.9358075,1314.30933738,1035003.0,127738.28102268,8071.5384478
BTC_JPY,2020-06-03T08:06:54.86,20738070,1035003.0,1035260.0,1.05260637,0.3,1947.0758074999999,1314.16168751,1035003.0,127737.99714177,8071.6584478
BTC_JPY,2020-06-03T08:06:59.303,20738092,1035003.0,1035261.0,1.05260637,0.1,1946.9858075,1314.53758751,1035003.0,127733.28719031,8071.6584478
BTC_JPY,2020-06-03T08:07:04.56,20738123,1035003.0,1035261.0,1.05260637,0.1,1946.2417274999998,1314.33758751,1035003.0,127731.22443094,8071.6584478
BTC_JPY,2020-06-03T08:07:08.513,20738138,1035003.0,1035261.0,1.05260637,0.1,1946.2487274999999,1315.81958751,1035003.0,127727.75321794,8071.6584478
BTC_JPY,2020-06-03T08:07:15.457,20738167,1035003.0,1035261.0,0.88260637,0.1,1946.5477274999998,1315.84458751,1035003.0,127723.79239892,8071.4347478
BTC_JPY,2020-06-03T08:07:19.91,20738188,1035003.0,1035261.0,0.88260637,0.1,1946.3477274999998,1315.84458751,1035003.0,127720.14239892,8071.3647478
BTC_JPY,2020-06-03T08:10:04.6,20739928,1034902.0,1035635.0,0.15,0.32,1946.06685865,1309.49381409,1035299.0,127586.04040476,8065.493853200002
BTC_JPY,2020-06-03T08:10:09.45,20740053,1034948.0,1035630.0,0.04964,0.3,1945.04914853,1311.87493409,1035299.0,127565.49471644,8065.21463528
BTC_JPY,2020-06-03T08:10:14.65,20740174,1034975.0,1035628.0,0.04935,0.3,1945.80895852,1312.07282422,1035299.0,127555.73434189,8064.45463528
BTC_JPY,2020-06-03T08:10:19.697,20740314,1035002.0,1035635.0,0.4586,0.32,1945.17110865,1310.91253422,1035299.0,127533.34769639,8060.86873528
BTC_JPY,2020-06-03T08:10:24.92,20740410,1035322.0,1035635.0,0.2,0.32,1944.19271865,1313.16215422,1035299.0,127485.00619044,8054.00110448
BTC_JPY,2020-06-03T08:10:30.137,20740463,1035322.0,1035720.0,0.2,0.3,1944.51896865,1313.77737422,1035299.0,127470.90847785,8053.89110448
BTC_JPY,2020-06-03T08:10:35.143,20740538,1035336.0,1035782.0,0.2,0.3,1944.53600864,1311.63873422,1035324.0,127475.04209778,8054.05510448
BTC_JPY,2020-06-03T08:10:39.61,20740638,1035321.0,1035733.0,0.4535,0.32,1944.29067364,1313.41219409,1035324.0,127466.50722349998,8053.67145548
BTC_JPY,2020-06-03T08:10:45.163,20740743,1035325.0,1035811.0,0.0935,0.08800000000000001,1945.29059901,1314.94872459,1035325.0,127459.66438897,8053.40231548
BTC_JPY,2020-06-03T08:10:49.82,20740817,1035376.0,1035811.0,0.4511,0.08800000000000001,1948.19759901,1314.00072459,1035325.0,127448.39015524,8053.22597548
BTC_JPY,2020-06-03T08:10:54.51,20740868,1035389.0,1035909.0,0.4511,0.32,1947.87590901,1314.27889922,1035325.0,127446.05965524,8052.92547548
BTC_JPY,2020-06-03T08:10:59.513,20740934,1035401.0,1035841.0,0.09,0.3,1947.89590864,1314.64112421,1035325.0,127444.51531002,8052.92547548
BTC_JPY,2020-06-03T08:11:04.563,20740988,1035401.0,1035823.0,0.09,0.32,1946.44659851,1314.14672408,1035325.0,127434.07365723,8052.92547548
BTC_JPY,2020-06-03T08:11:09.333,20741098,1034884.0,1035799.0,0.4493,0.3,1946.38709866,1314.80439922,1035299.0,127425.32630364,8052.95846448
BTC_JPY,2020-06-03T08:11:14.523,20741227,1034883.0,1035522.0,0.4493,0.0453,1946.16930866,1315.56993422,1035299.0,127428.246656,8052.95846448
BTC_JPY,2020-06-03T08:11:19.2,20741302,1034894.0,1035298.0,0.1,0.2,1945.94170866,1315.60263422,1034883.0,127424.95017839,8051.38371165
BTC_JPY,2020-06-03T08:11:24.577,20741384,1034901.0,1035299.0,0.7417,0.45038848,1946.70170867,1313.56071757,1035299.0,127420.3906875,8049.44172427
BTC_JPY,2020-06-03T08:11:29.923,20741510,1035000.0,1035299.0,0.01,0.09391684,1947.13670867,1314.38435093,1035299.0,127416.38552908,8049.65791641
BTC_JPY,2020-06-03T08:11:34.003,20741573,1035000.0,1035299.0,0.01,0.09391684,1946.70330867,1314.82435106,1035299.0,127409.91280726,8049.49749481
BTC_JPY,2020-06-03T08:11:40.297,20741656,1035000.0,1035299.0,0.01,0.09391684,1946.12204867,1314.37824106,1035299.0,127386.36874558,8047.74654679
BTC_JPY,2020-06-03T08:11:44.3,20741697,1035000.0,1035299.0,0.01,0.09391684,1946.73664867,1313.51902106,1035299.0,127365.60571768,8047.74316627
BTC_JPY,2020-06-03T08:11:50.033,20741795,1035000.0,1035511.0,0.01,0.15,1947.17102741,1314.48522296,1035510.0,127361.80352485,8047.88348311
BTC_JPY,2020-06-03T08:11:54.707,20741894,1035000.0,1035625.0,0.01,0.409,1946.12022741,1314.27202296,1035510.0,127360.07447214,8047.88348311
BTC_JPY,2020-06-03T08:11:59.427,20742018,1034920.0,1035580.0,0.03,0.09,1945.13928741,1314.06702296,1035510.0,127350.77947214,8047.88348311
BTC_JPY,2020-06-03T08:12:04.477,20742132,1034920.0,1035541.0,0.03,0.109,1945.72017741,1313.79002296,1035510.0,127348.25604487,8047.68348311
BTC_JPY,2020-06-03T08:12:09.687,20742250,1034920.0,1035299.0,0.03,0.0217,1945.34822741,1313.62762296,1035510.0,127342.95754487,8047.68348311
BTC_JPY,2020-06-03T08:12:15.047,20742369,1034943.0,1035629.0,0.1,0.30000013,1947.1284274,1314.32742296,1035510.0,127345.22925377,8048.68348311
BTC_JPY,2020-06-03T08:12:20.1,20742505,1034995.0,1035739.0,0.1,0.04642,1947.4132674,1314.89084296,1035510.0,127346.46151148,8048.68348311
BTC_JPY,2020-06-03T08:15:04.57,20745528,1034708.0,1035500.0,0.35,0.78,1946.22819967,1318.91741922,1035322.0,127272.16383976,8047.79848311
BTC_JPY,2020-06-03T08:15:09.403,20745682,1034811.0,1035500.0,0.4462,0.28,1945.95471366,1319.14347536,1035500.0,127272.95207704,8047.83706693
BTC_JPY,2020-06-03T08:15:14.973,20745837,1034939.0,1035500.0,0.1,0.28,1945.43658747,1317.53933303,1035500.0,127276.88866154,8047.58806693
BTC_JPY,2020-06-03T08:15:19.12,20745929,1034927.0,1035499.0,0.4458,0.3,1945.09343748,1317.82843303,1035500.0,127274.55953174,8047.58806693
BTC_JPY,2020-06-03T08:15:24.373,20746024,1034669.0,1035318.0,0.4458,0.2,1945.34178748,1318.18047303,1035500.0,127270.66188556,8047.58806693
BTC_JPY,2020-06-03T08:15:29.783,20746145,1034731.0,1035322.0,0.7458,0.015,1945.62807367,1319.18677303,1035500.0,127266.30088556,8047.58806693
BTC_JPY,2020-06-03T08:15:34.257,20746265,1034791.0,1035469.0,0.04944,0.3,1947.02192748,1319.64061303,1035500.0,127264.6608862,8048.08806693
BTC_JPY,2020-06-03T08:15:39.9,20746368,1034771.0,1035465.0,0.4421,0.1515,1946.10408748,1319.53763303,1035500.0,127261.91143016,8048.08806693
BTC_JPY,2020-06-03T08:15:44.697,20746467,1034706.0,1035457.0,0.4421,0.2,1946.14646748,1319.54564303,1035500.0,127252.40822956,8048.08806693
BTC_JPY,2020-06-03T08:15:49.403,20746560,1034701.0,1035449.0,0.4421,0.15,1943.97147748,1319.23024303,1035500.0,127229.3791481,8042.50901363
BTC_JPY,2020-06-03T08:15:54.77,20746648,1034667.0,1035440.0,0.4421,0.15,1944.62209748,1319.28124303,1035500.0,127221.56122525,8042.50901363
BTC_JPY,2020-06-03T08:15:59.677,20746719,1034670.0,1035431.0,0.1,0.2,1944.13698748,1319.34124303,1035500.0,127204.34977589999,8042.30901363
BTC_JPY,2020-06-03T08:16:04.36,20746801,1034719.0,1035470.0,0.32,0.6587,1944.82407748,1319.35353303,1035500.0,127191.00794909,8042.55501363
BTC_JPY,2020-06-03T08:16:09.613,20746917,1034735.0,1035456.0,0.2,0.30000013,1944.38489748,1318.97830303,1035457.0,127185.30550148,8042.74501363
BTC_JPY,2020-06-03T08:16:14.273,20747034,1034747.0,1035406.0,0.2,0.1,1944.18419748,1319.56411303,1035457.0,127182.95971148,8042.74501363
BTC_JPY,2020-06-03T08:16:19.983,20747168,1034751.0,1035376.0,0.4439,0.046,1943.07118367,1317.7882329000001,1035457.0,127180.58937511,8041.93501363
BTC_JPY,2020-06-03T08:16:24.917,20747277,1034596.0,1035359.0,0.2,0.15,1943.19390403,1319.52584958,1035457.0,127173.88422464,8041.83501363
BTC_JPY,2020-06-03T08:16:29.637,20747397,1034518.0,1035340.0,0.4439,0.15,1942.88553403,1319.25734958,1035341.0,127174.17837511,8041.10311363
BTC_JPY,2020-06-03T08:16:34.983,20747495,1034540.0,1035333.0,0.4439,0.31,1943.57294868,1320.08396423,1035341.0,127171.87579087,8041.09311363
BTC_JPY,2020-06-03T08:16:39.54,20747593,1034560.0,1035328.0,0.4439,0.3,1943.16421367,1319.4839640999999,1035341.0,127169.57218729,8041.09311363
BTC_JPY,2020-06-03T08:16:45.133,20747711,1034569.0,1035295.0,0.4439,0.31,1942.93594868,1319.46469423,1035325.0,127166.50434531,8040.96411363
BTC_JPY,2020-06-03T08:16:50.317,20747804,1034581.0,1035286.0,0.4439,0.3,1943.50030868,1319.51750423,1035325.0,127163.89814531,8040.96411363
BTC_JPY,2020-06-03T08:16:54.24,20747897,1034603.0,1035282.0,0.05041,0.3,1943.34843868,1319.47109423,1035325.0,127163.05158228,8040.68311363
BTC_JPY,2020-06-03T08:16:59.75,20748055,1034739.0,1035499.0,0.4439,0.3,1944.1785347,1319.18145039,1035325.0,127170.54790387,8040.68311363
BTC_JPY,2020-06-03T08:17:05.397,20748204,1034791.0,1035500.0,0.4439,0.015,1945.05875482,1318.22215039,1035325.0,127168.83384067,8040.64711363
BTC_JPY,2020-06-03T08:17:10.08,20748325,1034880.0,1035500.0,0.32,0.015,1945.09069482,1318.98435039,1035325.0,127170.88817111,8040.64711363
BTC_JPY,2020-06-03T08:17:14.827,20748430,1034925.0,1035500.0,0.4439,0.015,1944.82803482,1318.80016039,1035325.0,127170.57309107,8040.64711363
BTC_JPY,2020-06-03T08:17:19.423,20748520,1034946.0,1035500.0,0.04944,0.015,1944.94747482,1319.06660039,1035325.0,127169.69614234,8040.44711363
BTC_JPY,2020-06-03T08:20:04.977,20751721,1034845.0,1035384.0,0.05264,0.2,1945.91413194,1319.77628736,1034969.0,127110.00640182,8036.9954394
BTC_JPY,2020-06-03T08:20:09.16,20751754,1034833.0,1035373.0,0.4487,0.1,1945.76149194,1319.44925749,1034969.0,127108.3060355,8036.215439399999
BTC_JPY,2020-06-03T08:20:14.907,20751803,1034833.0,1035372.0,0.2,0.1,1945.51286508,1319.19943922,1034969.0,127107.19899086,8036.2054394
BTC_JPY,2020-06-03T08:20:18.993,20751856,1034969.0,1035372.0,0.14,0.1,1946.96656508,1316.09823063,1034969.0,127106.15192224,8036.2054394
BTC_JPY,2020-06-03T08:20:24.623,20751910,1034969.0,1035397.0,0.14,0.01,1945.20842508,1315.67823063,1034974.0,127107.23404824,8035.685439399997
BTC_JPY,2020-06-03T08:20:29.127,20751946,1034969.0,1034974.0,0.09,0.898,1945.22656508,1316.94694063,1034974.0,127105.36270853,8035.747439399999
BTC_JPY,2020-06-03T08:20:34.347,20751966,1034969.0,1034974.0,0.05,0.7959999999999999,1945.56345508,1316.52307063,1034969.0,127099.09462922,8035.889439399999
BTC_JPY,2020-06-03T08:20:40.27,20752006,1034969.0,1035397.0,0.05,0.01,1944.65926508,1315.72522063,1034974.0,127100.39062922,8036.685439399997
BTC_JPY,2020-06-03T08:20:44.45,20752081,1034969.0,1035397.0,0.05,0.01,1945.11027315,1315.11312063,1034974.0,127099.47179676,8036.685439399997
BTC_JPY,2020-06-03T08:20:48.003,20752106,1034969.0,1035397.0,0.05,0.01,1945.11021315,1315.75912063,1034974.0,127093.57521525,8036.685439399997
BTC_JPY,2020-06-03T08:20:55.043,20752145,1034969.0,1035397.0,0.05,0.01,1944.90724315,1316.37076063,1034974.0,127089.04254898,8036.685439399997
BTC_JPY,2020-06-03T08:20:59.027,20752166,1034969.0,1035397.0,0.05,0.01,1944.91724315,1315.80633063,1034974.0,127079.43760566,8036.685439399997
BTC_JPY,2020-06-03T08:21:04.12,20752195,1034969.0,1035397.0,0.05,0.01,1944.21001367,1315.82972063,1034974.0,127071.63696756,8036.685439399997
BTC_JPY,2020-06-03T08:21:09.7,20752226,1034969.0,1035397.0,0.05,0.01,1944.88926315,1316.32683063,1034974.0,127060.65270825,8036.485439399998
BTC_JPY,2020-06-03T08:21:14.877,20752317,1034636.0,1035278.0,0.1,0.15,1941.56251314,1317.72467063,1034832.0,127061.25785972,8037.2544394
BTC_JPY,2020-06-03T08:21:20.193,20752457,1034562.0,1035265.0,0.1,0.3988442,1942.22136314,1318.97398342,1034832.0,127058.53285972,8037.2544394
BTC_JPY,2020-06-03T08:21:25.163,20752562,1034593.0,1035238.0,0.4515,0.31,1943.29315786,1319.25988342,1034832.0,127056.76038801,8037.2544394
BTC_JPY,2020-06-03T08:21:29.57,20752617,1034566.0,1034974.0,0.1,0.001,1943.19456786,1319.51910342,1034832.0,127050.04957218,8036.144439399999
BTC_JPY,2020-06-03T08:21:34.043,20752671,1034592.0,1034974.0,0.4515,0.001,1943.17807786,1318.44998342,1034832.0,127055.40811495,8035.644439399999
BTC_JPY,2020-06-03T08:21:40.17,20752723,1034639.0,1034974.0,0.4515,0.001,1943.47868786,1319.17498342,1034832.0,127051.99008472,8035.6344394
BTC_JPY,2020-06-03T08:21:44.28,20752796,1034542.0,1034974.0,0.04514,0.001,1942.83645786,1318.85498342,1034832.0,127052.09208472,8035.6344394
BTC_JPY,2020-06-03T08:21:49.843,20752939,1034845.0,1034974.0,0.32,0.001,1944.45081786,1316.84998342,1034832.0,127060.11727464,8035.6344394
BTC_JPY,2020-06-03T08:21:54.133,20753014,1034627.0,1035397.0,0.4515,0.01,1943.81643896,1319.23145342,1034974.0,127061.93820752,8035.635439399999
BTC_JPY,2020-06-03T08:21:59.817,20753096,1034794.0,1035390.0,0.1,0.0464,1943.29372844,1319.1033287,1034974.0,127053.56253657,8033.97559311
BTC_JPY,2020-06-03T08:22:04.197,20753138,1034865.0,1035390.0,0.4515,0.0464,1944.26372844,1318.02453922,1034974.0,127054.53303558,8033.95569212
BTC_JPY,2020-06-03T08:22:09.32,20753211,1034877.0,1035397.0,0.4515,0.01,1943.34833831,1316.4069887,1034974.0,127053.52992262,8033.89449311
BTC_JPY,2020-06-03T08:22:14.48,20753256,1034855.0,1035397.0,0.3,0.01,1944.35833844,1318.2782287,1034974.0,127050.41858142,8032.99449311
BTC_JPY,2020-06-03T08:22:19.81,20753317,1034894.0,1035397.0,0.44695,0.01,1943.85178844,1318.2294287,1034894.0,127041.77782793,8032.99904311
BTC_JPY,2020-06-03T08:25:05.08,20755950,1034437.0,1035066.0,0.15,0.1885,1946.04829781,1320.05181342,1034832.0,126837.96314797,8018.63144973
BTC_JPY,2020-06-03T08:25:10.33,20756050,1034500.0,1035066.0,0.1,0.1885,1946.83229781,1320.06581342,1034832.0,126835.21331029,8017.85144973
BTC_JPY,2020-06-03T08:25:14.647,20756124,1034511.0,1035066.0,0.15,0.3885,1945.78260769,1319.90931329,1034832.0,126816.09166421,8016.57091974
BTC_JPY,2020-06-03T08:25:20.153,20756249,1034537.0,1035222.0,0.15,0.05031,1946.2865915,1318.6423971,1034832.0,126811.42155758,8016.57091974
BTC_JPY,2020-06-03T08:25:25.5,20756341,1034564.0,1035222.0,0.05069,0.054479999999999994,1945.25320137,1319.9435670999999,1034550.0,126809.17899108,8016.73641774
BTC_JPY,2020-06-03T08:25:29.813,20756381,1034570.0,1035222.0,0.4446,0.054479999999999994,1945.3225114999998,1319.8495670999996,1034569.0,126807.54207224,8016.74641774
BTC_JPY,2020-06-03T08:25:35.283,20756426,1034832.0,1035227.0,0.01064,0.3885,1945.2637515000001,1319.8469271,1034569.0,126795.53224611,8015.80641774
BTC_JPY,2020-06-03T08:25:39.923,20756468,1034832.0,1035227.0,0.10064,0.3885,1945.49474292,1318.7980871,1034569.0,126794.04581098,8014.80641774
BTC_JPY,2020-06-03T08:25:44.813,20756492,1034832.0,1035227.0,0.10064,0.3885,1945.49875293,1320.1080871,1034569.0,126790.32486098,8013.00641774
BTC_JPY,2020-06-03T08:25:49.02,20756545,1034832.0,1035257.0,0.10064,0.1885,1945.05529293,1319.90818852,1034569.0,126785.69355103,8013.00641774
BTC_JPY,2020-06-03T08:25:53.48,20756570,1034832.0,1035257.0,0.10064,0.3885,1945.54474293,1318.65672852,1034569.0,126751.31319498,8012.64747773
BTC_JPY,2020-06-03T08:25:59.98,20756595,1034685.0,1035257.0,0.30524,0.3885,1947.13785293,1321.15672852,1034685.0,126730.8814787,8011.08336773
BTC_JPY,2020-06-03T08:26:04.833,20756696,1034711.0,1035261.0,0.4382,0.1,1947.55076819,1321.05251365,1034703.0,126723.77521377,8011.24336773
BTC_JPY,2020-06-03T08:26:09.97,20756762,1034722.0,1035261.0,0.4382,0.1,1947.57017125,1320.19680378,1034703.0,126710.16139339,8010.90336773
BTC_JPY,2020-06-03T08:26:14.28,20756845,1035157.0,1035260.0,6.327999999999999,0.1566,1953.74876125,1320.26104378,1034703.0,126706.44463113,8010.88624779
BTC_JPY,2020-06-03T08:26:19.663,20756900,1035157.0,1035261.0,3.81960738,0.1,1950.33599363,1320.52157184,1035157.0,126699.24514591,8012.90486284
BTC_JPY,2020-06-03T08:26:24.867,20756919,1035157.0,1035261.0,3.37960738,0.1,1950.26970363,1320.83465184,1035157.0,126695.49201252,8012.52476335
BTC_JPY,2020-06-03T08:26:29.083,20756943,1035157.0,1035261.0,2.24760738,0.1,1948.77399363,1320.47046184,1035157.0,126695.95052750001,8013.65576335
BTC_JPY,2020-06-03T08:26:35.307,20757048,1034550.0,1035028.0,0.001,0.2,1946.47247625,1320.64344184,1034693.0,126704.23953649,8015.93337073
BTC_JPY,2020-06-03T08:26:39.093,20757142,1034707.0,1035018.0,0.03,0.1566,1947.17472612,1321.05677922,1034693.0,126698.59494018,8012.86326524
BTC_JPY,2020-06-03T08:26:44.84,20757283,1034550.0,1034916.0,0.001,0.32,1947.2207651,1321.66764069,1034707.0,126701.1123701,8012.89326524
BTC_JPY,2020-06-03T08:26:50.4,20757469,1034101.0,1034913.0,0.054060000000000004,0.30000013,1947.40859941,1321.56848513,1034500.0,126701.42174272,8012.90426524
BTC_JPY,2020-06-03T08:26:54.377,20757605,1034195.0,1034912.0,0.621,0.1885,1948.15763953,1319.88757922,1034500.0,126707.49813526,8012.90426524
BTC_JPY,2020-06-03T08:26:59.84,20757803,1034600.0,1035249.0,0.621,0.1,1947.85082953,1320.84845513,1034500.0,126709.13447917,8010.72226524
BTC_JPY,2020-06-03T08:27:04.96,20757900,1034693.0,1035261.0,0.048333999999999995,0.1,1946.58826353,1320.90375513,1034500.0,126705.30471585,8010.72226524
BTC_JPY,2020-06-03T08:27:10.147,20757969,1034701.0,1035261.0,0.47100000000000003,0.099,1947.48127353,1320.41025513,1035261.0,126699.21117555,8010.72326524
BTC_JPY,2020-06-03T08:27:15,20758070,1034696.0,1035271.0,0.47100000000000003,0.1,1947.37701353,1321.3471550000004,1035261.0,126699.19793113,8010.72326524
BTC_JPY,2020-06-03T08:27:20.087,20758162,1034693.0,1035029.0,0.048333999999999995,0.1,1947.07428018,1321.99668178,1035261.0,126702.84467914,8010.72326524
BTC_JPY,2020-06-03T08:30:04.683,20761170,1035492.0,1035500.0,0.03806761,0.2,1947.90852484,1316.91751419,1035492.0,126624.97447757,7979.86023042
BTC_JPY,2020-06-03T08:30:09.62,20761284,1035492.0,1035774.0,0.03806761,0.5,1945.75493124,1315.86751419,1035500.0,126621.93823875,7978.21518001
BTC_JPY,2020-06-03T08:30:14.26,20761366,1035492.0,1035774.0,0.03806761,0.5,1947.03319883,1317.92717178,1035500.0,126616.98042429,7976.90601085
BTC_JPY,2020-06-03T08:30:20.407,20761486,1035340.0,1035774.0,0.050710000000000005,1.15,1948.22477363,1316.17085165,1035492.0,126622.96536873,7975.92796883
BTC_JPY,2020-06-03T08:30:25.007,20761569,1035372.0,1035774.0,0.6537,1.15,1948.6165243,1318.31610165,1035492.0,126622.40779204,7972.92796883
BTC_JPY,2020-06-03T08:30:29.89,20761658,1035241.0,1035772.0,0.0488,0.1439,1948.7116243,1318.83507178,1035361.0,126616.70338,7969.94575769
BTC_JPY,2020-06-03T08:30:34.403,20761757,1035274.0,1035733.0,0.4537,0.0177,1948.61752417,1318.18887178,1035361.0,126616.88527596,7969.92575769
BTC_JPY,2020-06-03T08:30:39.88,20761865,1035314.0,1035733.0,0.4537,0.0177,1949.07964417,1319.70887178,1035361.0,126615.81202663,7968.86075769
BTC_JPY,2020-06-03T08:30:44.327,20761912,1035321.0,1035693.0,0.4537,0.11846,1948.8075243,1319.56012178,1035361.0,126611.74533065,7968.85488228
