product_code,timestamp,tick_id,best_bid,best_ask,best_bid_size,best_ask_size,total_bid_depth,total_ask_depth,ltp,volume,volume_by_product
BTC_JPY,2020-05-25T23:55:08.323,7709347,960542.0,960812.0,0.008,0.049,1706.53090584,2231.91448299,960542.0,127191.57637602,6177.51258626
BTC_JPY,2020-05-25T23:55:14.497,7709457,960562.0,960932.0,0.001,0.03,1706.22827585,2235.83034062,960812.0,127189.70769106,6177.50568905
BTC_JPY,2020-05-25T23:55:19.85,7709564,960542.0,960919.0,0.005,0.05,1706.58217585,2237.82096061,960542.0,127179.6407061,6175.68769105
BTC_JPY,2020-05-25T23:55:24.57,7709611,960448.0,960895.0,0.054000000000000006,0.096,1706.59618585,2238.21876061,960448.0,127176.20709187,6175.59658626
BTC_JPY,2020-05-25T23:55:29.567,7709708,960468.0,961100.0,0.001,0.03,1707.3457209000005,2238.69160061,960542.0,127168.97885520001,6175.04358627
BTC_JPY,2020-05-25T23:55:34.807,7709799,960488.0,961064.0,0.001,0.096,1706.95072091,2239.09718568,960542.0,127154.01510425,6172.81303614
BTC_JPY,2020-05-25T23:55:40.14,7709920,960488.0,961017.0,0.001,0.626,1706.10741091,2239.29922582,960542.0,127138.33873318,6170.53103627
BTC_JPY,2020-05-25T23:55:44.22,7709966,960508.0,960977.0,0.001,0.33,1707.06741091,2239.54922582,960542.0,127122.56712946,6169.31503627
BTC_JPY,2020-05-25T23:55:49.557,7710020,960528.0,960945.0,0.001,0.096,1706.65041091,2238.97073035,960542.0,127093.83828184,6162.04303627
BTC_JPY,2020-05-25T23:55:54.81,7710096,960196.0,960904.0,0.07501000000000001,0.03,1707.03573091,2238.21122569,960442.0,127077.8266552,6160.35738828
BTC_JPY,2020-05-25T23:56:00.063,7710231,960203.0,960861.0,0.07521,0.31,1697.55861293,2239.10528831,960188.0,127068.53573476,6161.35338828
BTC_JPY,2020-05-25T23:56:04.177,7710350,960442.0,960831.0,0.009000000000000001,0.31,1697.50182293,2239.10020831,960442.0,127037.97486594,6160.78974326
BTC_JPY,2020-05-25T23:56:09.29,7710468,960198.0,960780.0,0.054000000000000006,0.33,1708.06800353,2238.84950831,960442.0,127008.84169076,6155.67446429
BTC_JPY,2020-05-25T23:56:15.09,7710610,960218.0,960745.0,0.001,0.6064,1707.99248353,2239.46030831,960442.0,126996.84935815,6155.29246429
BTC_JPY,2020-05-25T23:56:19.117,7710718,960238.0,960708.0,0.001,0.33,1708.16249353,2238.76435022,960442.0,126990.11220956,6155.29146429
BTC_JPY,2020-05-25T23:56:24.723,7710909,959691.0,960499.0,0.32,0.6064,1693.93309914,2239.67160346,960198.0,126995.32050029,6155.34646429
BTC_JPY,2020-05-25T23:56:28.753,7711033,959525.0,960141.0,0.0761,0.6064,1704.96339661,2241.26145654,959691.0,127005.29403126,6155.36746229
BTC_JPY,2020-05-25T23:56:35.24,7711215,959545.0,960074.0,0.001,0.31,1692.45201603,2236.53613599,959691.0,127018.62103777,6155.36746229
BTC_JPY,2020-05-25T23:56:39.39,7711337,959533.0,960001.0,0.001,0.1,1705.31322239,2239.23032035,959513.0,127035.40568671,6155.38746229
BTC_JPY,2020-05-25T23:56:44.743,7711447,959500.0,959972.0,0.01,0.07998,1704.23929675,2239.83254746,959512.0,127035.98242391,6155.38846229
BTC_JPY,2020-05-25T23:56:49.463,7711579,959325.0,959934.0,0.001,0.7064,1704.35181314,2240.33500474,959303.0,127037.92382191,6155.20746029
BTC_JPY,2020-05-25T23:56:54.063,7711692,959345.0,959835.0,0.001,0.5527,1704.55691114,2240.74632474,959303.0,127037.76645289,6155.20746029
BTC_JPY,2020-05-25T23:56:59.643,7711833,959345.0,959809.0,0.001,0.4522,1704.55891114,2241.16740474,959303.0,127032.61645289,6155.20746029
BTC_JPY,2020-05-25T23:57:04.267,7711975,959329.0,959820.0,0.302,0.7052,1693.87586615,2239.63832166,959329.0,127031.61472515,6155.75846029
BTC_JPY,2020-05-25T23:57:09.4,7712084,959350.0,959809.0,0.001,0.054000000000000006,1702.92179675,2240.32073759,959329.0,127034.66736316,6155.72846029
BTC_JPY,2020-05-25T23:57:14.25,7712180,959291.0,959800.0,0.29100000000000004,0.1,1703.73300653,2240.63106759,959329.0,127034.87129167,6155.77846029
BTC_JPY,2020-05-25T23:57:19.047,7712283,959329.0,959811.0,0.006999999999999999,0.1,1703.81604653,2239.75168396,959329.0,127030.52385961,6155.79946029
BTC_JPY,2020-05-25T23:57:24.943,7712430,959389.0,959975.0,0.0801,0.539,1701.94560655,2238.52288091,959989.0,127011.09997798,6152.11146788
BTC_JPY,2020-05-26T00:00:09.487,7715755,960302.0,960721.0,0.08059,1.0,1707.76510172,2229.29875767,960585.0,126541.58736046,6129.36830379
BTC_JPY,2020-05-26T00:00:14.753,7715842,960317.0,960694.0,0.001,0.03,1708.08089961,2230.58214556,960585.0,126533.93229968,6118.92932898
BTC_JPY,2020-05-26T00:00:19.277,7715907,960277.0,960691.0,0.2139,0.15,1709.00329961,2230.48947556,960277.0,126530.32272284,6116.82238898
BTC_JPY,2020-05-26T00:00:24.547,7715995,960277.0,960694.0,0.4511,0.03,1708.69355397,2231.80716556,960277.0,126552.34061762,6112.77426119
BTC_JPY,2020-05-26T00:00:29.757,7716096,960276.0,960685.0,0.47371,0.58,1707.43795385,2230.25544556,960277.0,126493.2605532,6105.41400695
BTC_JPY,2020-05-26T00:00:34.41,7716209,959841.0,960446.0,0.05,0.1,1697.42257616,2230.7635127,960062.0,126439.66937424,6102.90470882
BTC_JPY,2020-05-26T00:00:39.337,7716360,959774.0,960263.0,0.22509057,0.1,1704.10138232,2230.84209006,959774.0,126385.78495902,6100.14297935
BTC_JPY,2020-05-26T00:00:44.603,7716504,959686.0,960020.0,0.001,0.15,1703.81955704,2232.61122077,959666.0,126419.03269566,6099.69168714
BTC_JPY,2020-05-26T00:00:49.6,7716660,959291.0,959715.0,0.06800399,0.5949,1693.53952001,2237.06112077,959500.0,126412.58886248,6096.8365285
BTC_JPY,2020-05-26T00:00:54.397,7716807,959291.0,959700.0,0.04800399,0.1,1694.10074945,2237.56764696,959291.0,126303.87053542,6092.48840646
BTC_JPY,2020-05-26T00:00:59.37,7716894,959316.0,959881.0,0.001,0.05,1706.40720074,2238.56661709,959291.0,126260.71308202,6091.21937595
BTC_JPY,2020-05-26T00:01:04.11,7717010,959291.0,959795.0,0.02600399,0.07511,1705.31502549,2237.13056779,959291.0,126257.32674327,6088.16355775
BTC_JPY,2020-05-26T00:01:09.593,7717147,959129.0,959585.0,0.1,0.5906,1694.93674533,2240.87078707,959291.0,126264.48698713,6084.57687149
BTC_JPY,2020-05-26T00:01:15.22,7717260,959129.0,959290.0,0.078,0.88,1706.61585593,2239.07592208,959129.0,126270.39527411,6078.34775436
BTC_JPY,2020-05-26T00:01:17.813,7717291,959044.0,959289.0,0.47249999,0.30000013,1706.08302592,2238.60433278,959129.0,126255.21092816,6076.68813588
BTC_JPY,2020-05-26T00:01:24.663,7717431,959130.0,959780.0,0.05,0.5983,1697.23024545,2239.26998708,959556.0,126121.02164258,6072.92505877
BTC_JPY,2020-05-26T00:01:29.637,7717503,959576.0,959766.0,0.001,0.05,1707.50584918,2238.34939021,959556.0,126052.90906559,6064.94606523
BTC_JPY,2020-05-26T00:01:35.04,7717656,959020.0,959556.0,0.001,0.209,1697.45621915,2240.32799667,959000.0,126069.65686542,6062.87226223
BTC_JPY,2020-05-26T00:01:39.347,7717764,959008.0,959529.0,0.07664,0.15,1707.80792057,2241.76112859,959000.0,126072.45657629,6059.49696665
BTC_JPY,2020-05-26T00:01:44.597,7717886,959005.0,959501.0,0.07184,0.6102,1708.38805987,2241.23213859,959000.0,126075.52716871,6056.13908791
BTC_JPY,2020-05-26T00:01:49.167,7718010,959000.0,959474.0,1.82134842,0.8,1708.74987068,2241.28062846,959000.0,126012.55607212,6049.57294138
BTC_JPY,2020-05-26T00:01:54.183,7718119,959020.0,959433.0,0.001,0.15,1708.24984068,2241.40594859,959000.0,125950.11470299,6046.80784138
BTC_JPY,2020-05-26T00:01:59.003,7718204,959040.0,959356.0,0.001,0.33,1706.39584068,2240.5915086,959000.0,125824.98621703,6026.49270443
BTC_JPY,2020-05-26T00:02:04.49,7718277,959060.0,959615.0,0.001,1.6019,1706.87297785,2237.05207564,959475.0,125808.70151147,6024.67328895
BTC_JPY,2020-05-26T00:02:10.063,7718480,959913.0,960655.0,0.47249999,0.32,1695.98657602,2225.32515767,960229.0,125838.94566925,6022.75824025
BTC_JPY,2020-05-26T00:02:14.83,7718649,960090.0,960717.0,0.07338,0.48,1696.51222276,2228.5576213000004,960229.0,125858.74537973,6021.39723826
BTC_JPY,2020-05-26T00:02:19.323,7718729,960103.0,960702.0,0.001,0.65,1707.47972336,2229.0562178000005,960229.0,125887.24644675,6020.14715617
BTC_JPY,2020-05-26T00:02:24.293,7718870,960581.0,961313.0,0.47249999,0.31,1698.12246938,2228.2514478,960950.0,125818.63557221,6020.06169919
BTC_JPY,2020-05-26T00:05:09.65,7721629,961643.0,962127.0,0.001,0.6299,1694.5217372000006,2242.02450412,961622.0,125273.72260376,5992.69890222
BTC_JPY,2020-05-26T00:05:14.68,7721700,961646.0,962108.0,0.05,0.33,1694.9712072,2241.13421411,961622.0,125255.12081531,5992.69890222
BTC_JPY,2020-05-26T00:05:19.453,7721793,961501.0,962091.0,0.2,0.7299,1704.9650778,2238.63000413,961622.0,125243.96768186,5992.62194222
BTC_JPY,2020-05-26T00:05:24.143,7721900,961564.0,962129.0,0.15,0.6299,1705.66041779,2242.68079627,961622.0,125234.41571718,5992.38685224
BTC_JPY,2020-05-26T00:05:29.987,7722010,961590.0,962141.0,0.1,0.01660999,1706.82956383,2240.00747457,961622.0,125192.73329305,5990.60335225
BTC_JPY,2020-05-26T00:05:34.8,7722093,961619.0,962141.0,0.15,0.01660999,1706.55043383,2241.56731627,961622.0,125162.24557576,5990.32025216
BTC_JPY,2020-05-26T00:05:39.293,7722146,961643.0,962141.0,0.001,0.01660999,1706.95847383,2241.65983457,961622.0,125119.59582226,5981.25438626
BTC_JPY,2020-05-26T00:05:44.63,7722234,961819.0,962140.0,0.32,0.4,1706.11922541,2239.19013444,962140.0,125105.80463533,5977.90209026
BTC_JPY,2020-05-26T00:05:49.627,7722383,962123.0,962500.0,0.2,1.39999974,1696.42140176,2236.41699959,962122.0,125080.00753749,5977.15920124
BTC_JPY,2020-05-26T00:05:54.233,7722437,962149.0,962500.0,0.0738,1.12499974,1708.55672195,2238.49978972,962500.0,125040.11038999,5960.33920374
BTC_JPY,2020-05-26T00:05:59.467,7722540,962147.0,962486.0,0.001,0.1,1702.91244933,2239.18304147,962151.0,125018.91007219999,5954.77120474
BTC_JPY,2020-05-26T00:06:04.907,7722654,962170.0,962488.0,0.05,0.6255,1693.73597771,2239.07603134,962151.0,125016.06376047,5954.26221074
BTC_JPY,2020-05-26T00:06:09.457,7722765,962191.0,962461.0,0.05,0.65,1698.91572872,2238.59219629,962151.0,124988.72248453,5952.51511474
BTC_JPY,2020-05-26T00:06:14.143,7722853,962193.0,962500.0,0.1,1.12499974,1698.30048353,2237.03607148,962193.0,124979.46798322,5951.76101474
BTC_JPY,2020-05-26T00:06:19.68,7723075,960950.0,961945.0,0.03,0.309,1690.50732911,2241.81698628,961500.0,124985.97555578,5952.39380087
BTC_JPY,2020-05-26T00:06:25.467,7723255,961178.0,961876.0,0.2,0.6022,1694.95260208,2243.08732628,961500.0,125000.47441653,5951.09759087
BTC_JPY,2020-05-26T00:06:29.263,7723336,961178.0,961850.0,0.2,0.40000013,1706.59440268,2242.49898607,961849.0,124991.00062769,5951.20159087
BTC_JPY,2020-05-26T00:06:34.097,7723427,961199.0,961807.0,0.2,0.33,1708.25040268,2233.20898594,961849.0,124973.13613374,5950.04949087
BTC_JPY,2020-05-26T00:06:40.32,7723616,960972.0,961566.0,0.2,0.6983,1695.62316063,2233.22928459,961198.0,124946.92872318,5947.22890188
BTC_JPY,2020-05-26T00:06:44.67,7723718,960972.0,961537.0,0.2,0.07114,1706.6616729000002,2231.7924246,961198.0,124918.06366951,5943.77027412
BTC_JPY,2020-05-26T00:06:49.327,7723815,960997.0,961730.0,0.6505,0.5983,1706.9707759,2227.42269927,961731.0,124900.12450184,5940.87094412
BTC_JPY,2020-05-26T00:06:54.973,7723976,961030.0,961687.0,0.5973,0.07328,1707.26565201,2231.09482526,961731.0,124880.36745492,5940.87094412
BTC_JPY,2020-05-26T00:06:59.427,7724118,961033.0,961447.0,0.15,0.1,1694.7103147,2233.23566853,961032.0,124870.72759060001,5939.73474669
BTC_JPY,2020-05-26T00:07:04.613,7724242,960950.0,961392.0,0.03,0.33,1705.7749853,2234.45285626,961047.0,124836.65702028,5939.63474669
BTC_JPY,2020-05-26T00:07:09.827,7724415,960641.0,961031.0,0.2,0.28994001,1694.19976244,2233.51571588,960801.0,124825.49718814,5938.61475069
BTC_JPY,2020-05-26T00:07:14.003,7724506,960642.0,961007.0,0.049,0.86000013,1696.82989544,2233.84175927,960642.0,124829.64699718,5938.61575069
BTC_JPY,2020-05-26T00:07:19.773,7724643,960501.0,960676.0,0.05,0.1,1687.90877244,2247.15571913,960662.0,124834.06846895,5938.59675169
BTC_JPY,2020-05-26T00:07:25.06,7724781,960078.0,960500.0,0.15,0.05,1700.90139304,2247.5118721999997,960500.0,124830.26078350001,5938.66675169
BTC_JPY,2020-05-26T00:10:09.47,7728147,961028.0,961442.0,0.5933,0.33,1699.97631033,2244.23292016,961020.0,124641.6131508,5928.28785736
BTC_JPY,2020-05-26T00:10:15.13,7728277,961049.0,961453.0,0.05,0.2,1711.51300093,2244.43572016,961035.0,124622.66684324,5928.43285736
BTC_JPY,2020-05-26T00:10:18.867,7728360,961057.0,961656.0,0.05,0.33,1711.47109093,2243.23972016,961035.0,124597.68392744,5928.16485736
BTC_JPY,2020-05-26T00:10:24.7,7728463,961086.0,961614.0,0.149,0.33,1710.90149093,2244.83253018,961626.0,124585.76450902,5927.04466137
BTC_JPY,2020-05-26T00:10:29.717,7728574,961105.0,961471.0,0.001,0.33,1710.21641127,2245.50326438,961626.0,124572.45034147,5927.04466137
BTC_JPY,2020-05-26T00:10:34.863,7728715,961105.0,961447.0,0.001,0.49,1710.62331126,2243.24293628,961626.0,124556.1772944,5927.04466137
BTC_JPY,2020-05-26T00:10:39.397,7728828,961125.0,961499.0,0.001,0.094796,1711.64926126,2244.34432052,961626.0,124542.79432981,5926.94466137
BTC_JPY,2020-05-26T00:10:43.827,7728918,961154.0,961679.0,0.001,0.094796,1710.62061127,2243.77235052,961626.0,124532.31290136,5926.24466138
BTC_JPY,2020-05-26T00:10:49.27,7729092,961173.0,961526.0,0.6099,0.002,1711.15301127,2243.77995452,961626.0,124525.01993184,5925.81665085
BTC_JPY,2020-05-26T00:10:54.847,7729219,961210.0,961769.0,0.15,0.5814,1710.61722127,2243.94895452,961526.0,124508.31170774,5925.19695086
BTC_JPY,2020-05-26T00:10:59.63,7729338,961646.0,961790.0,0.001,2.0,1709.95071127,2243.27355452,961526.0,124493.75372013,5923.34245088
BTC_JPY,2020-05-26T00:11:03.943,7729438,961326.0,961621.0,0.2,0.43,1709.98841126,2244.68988452,961626.0,124482.82874443,5922.92117549
BTC_JPY,2020-05-26T00:11:10.053,7729491,961351.0,961622.0,0.15,0.7709999999999999,1709.57786127,2243.14841453,961622.0,124470.24703912,5922.23945088
BTC_JPY,2020-05-26T00:11:14.043,7729555,961377.0,961763.0,0.001,0.62,1709.85326127,2236.01001453,961622.0,124465.34460565,5922.20945088
BTC_JPY,2020-05-26T00:11:20.143,7729757,961402.0,961889.0,0.15,0.1,1699.09743124,2240.46525523,961622.0,124454.6830641,5921.89945088
BTC_JPY,2020-05-26T00:11:24.72,7729879,961440.0,961887.0,0.15,0.5776,1709.38176257,2244.71847523,961622.0,124449.48739109,5921.83045088
BTC_JPY,2020-05-26T00:11:29.137,7729956,961451.0,961886.0,0.2,0.5776,1708.9836934999994,2243.5527551,961622.0,124435.55506754,5921.41545089
BTC_JPY,2020-05-26T00:11:34.503,7730093,961491.0,961889.0,0.2,0.1,1710.05033257,2243.05683523,961622.0,124423.76517213,5921.41545089
BTC_JPY,2020-05-26T00:11:39.157,7730190,961521.0,961889.0,0.1,0.1,1709.60436257,2243.58040523,961622.0,124421.91720771,5921.41545089
BTC_JPY,2020-05-26T00:11:44.717,7730284,961557.0,961889.0,0.05,0.1,1709.21466257,2244.12040523,961622.0,124419.76340771,5921.37145089
BTC_JPY,2020-05-26T00:11:49.34,7730394,961569.0,961889.0,0.07107000000000001,0.1,1710.17973257,2243.12640523,961622.0,124416.88303109,5921.27145089
BTC_JPY,2020-05-26T00:11:54.877,7730515,961590.0,961889.0,0.07196,0.1,1707.50212258,2243.77560523,961622.0,124406.40005701,5921.12145089
BTC_JPY,2020-05-26T00:11:59.173,7730622,961620.0,961889.0,0.15,0.1,1715.06230257,2243.5010351,961598.0,124403.31647135,5921.13145089
BTC_JPY,2020-05-26T00:12:04.477,7730683,961632.0,961889.0,0.2,0.1,1709.64556257,2242.96275523,961598.0,124398.41899214,5919.99638038
BTC_JPY,2020-05-26T00:12:09.89,7730773,961667.0,962000.0,0.07645,1.03,1715.52946556,2243.97110822,961889.0,124394.61295687,5919.08638038
BTC_JPY,2020-05-26T00:12:15.097,7730944,962225.0,962500.0,0.001,0.68365975,1705.77197877,2240.57473132,962500.0,124432.60759506,5920.12479287
BTC_JPY,2020-05-26T00:12:18.94,7731085,962250.0,962799.0,0.07472000000000001,0.001,1706.61711365,2232.79548645,962582.0,124440.66312114,5921.10245262
BTC_JPY,2020-05-26T00:12:24.117,7731254,962279.0,962787.0,0.001,0.7199,1694.89981307,2240.31600645,962582.0,124452.87171219,5921.10245262
BTC_JPY,2020-05-26T00:15:10.167,7733918,962324.0,962787.0,0.5789,0.1,1712.19320166,2244.85928541,962309.0,123865.93872552,5888.93541486
BTC_JPY,2020-05-26T00:15:14.357,7733983,962351.0,962787.0,0.5289,0.1,1712.61852166,2245.06352541,962309.0,123861.36342166,5888.93041428
BTC_JPY,2020-05-26T00:15:19.043,7734054,962389.0,962787.0,0.5289,0.1,1712.76852166,2244.75090541,962309.0,123840.3326658,5888.60841428
BTC_JPY,2020-05-26T00:15:24.293,7734114,962454.0,962714.0,0.03,1.0,1712.68552166,2245.75412541,962431.0,123825.01249655,5888.43041428
BTC_JPY,2020-05-26T00:15:29.84,7734180,962488.0,962788.0,0.2,0.22099948,1712.21227363,2243.25582541,962431.0,123806.44426199,5888.39041428
BTC_JPY,2020-05-26T00:15:33.427,7734210,962488.0,962788.0,0.2,0.22099948,1712.34227363,2244.60576058,962431.0,123792.92165493,5888.39041428
BTC_JPY,2020-05-26T00:15:39.547,7734258,962508.0,962787.0,0.001,0.0726,1711.33076364,2244.49472738,962788.0,123791.76936903,5888.38141428
BTC_JPY,2020-05-26T00:15:43.97,7734318,962528.0,962787.0,0.001,0.105,1711.74526411,2245.00630785,962788.0,123786.19023922,5888.38141428
BTC_JPY,2020-05-26T00:15:49.473,7734352,962451.0,962764.0,0.001,0.1,1712.2068341,2245.38124738,962431.0,123778.65047302,5887.39041428
BTC_JPY,2020-05-26T00:15:54.587,7734410,962451.0,962777.0,0.001,0.1,1712.5571340999998,2245.43489058,962431.0,123769.45286865,5887.39041428
BTC_JPY,2020-05-26T00:15:59.927,7734435,962473.0,962777.0,0.05,0.1,1712.40501363,2246.47059738,962431.0,123748.04316305,5887.26941428
BTC_JPY,2020-05-26T00:16:04.463,7734475,962451.0,962777.0,0.001,0.1,1710.35914683,2244.95663058,962431.0,123737.00986300001,5887.31141428
BTC_JPY,2020-05-26T00:16:09.37,7734567,962477.0,962787.0,0.2,0.1,1714.16094684,2243.57551738,962431.0,123734.53871641,5886.31141428
BTC_JPY,2020-05-26T00:16:14.71,7734667,962513.0,962787.0,0.2,0.1,1714.13694684,2242.81762058,962431.0,123740.88524643,5885.30541428
BTC_JPY,2020-05-26T00:16:18.747,7734727,962511.0,962785.0,0.001,0.5245,1709.40718683,2245.49533058,962513.0,123750.55122323,5884.69781428
BTC_JPY,2020-05-26T00:16:23.81,7734815,962432.0,962775.0,0.2,0.5245,1709.93393243,2246.52215617,962513.0,123750.39582067,5884.47781428
BTC_JPY,2020-05-26T00:16:29.3,7734908,962453.0,962765.0,0.2,0.1,1712.40943243,2245.98101617,962513.0,123728.78821469,5883.00491429
BTC_JPY,2020-05-26T00:16:34.947,7734976,962474.0,962513.0,0.05,1.0,1712.48051243,2246.97750617,962513.0,123710.81987703,5882.5539143
BTC_JPY,2020-05-26T00:16:38.877,7735011,962478.0,962513.0,0.05,1.0,1712.45637243,2246.05091617,962513.0,123697.77013079,5881.7429143
BTC_JPY,2020-05-26T00:16:44.72,7735051,962503.0,962513.0,0.001,1.0,1710.58010364,2246.57172617,962513.0,123687.51394247,5881.7419143
BTC_JPY,2020-05-26T00:16:49.57,7735088,962504.0,962513.0,0.2,0.9990000000000001,1712.05422243,2245.40155738,962513.0,123678.39716775,5881.24502314
BTC_JPY,2020-05-26T00:16:54.477,7735117,962434.0,962513.0,0.05,0.9990000000000001,1712.87993243,2245.29731617,962513.0,123667.16116349,5876.36437666
BTC_JPY,2020-05-26T00:16:59.637,7735250,961291.0,961937.0,0.05,0.528,1693.65938291,2247.57599422,961632.0,123690.15487814,5877.50921475
BTC_JPY,2020-05-26T00:17:04.607,7735378,961315.0,961936.0,0.15,0.528,1705.8671635,2248.93747114,961632.0,123707.99098681,5876.56313679
BTC_JPY,2020-05-26T00:17:10.03,7735554,961553.0,962159.0,0.2,1.0,1705.26800351,2248.80086115,961632.0,123722.55092803,5875.99723679
BTC_JPY,2020-05-26T00:17:14.457,7735674,961576.0,962098.0,0.05,0.1,1706.76206728,2248.67127114,961632.0,123691.98343688,5875.83723681
BTC_JPY,2020-05-26T00:17:19.88,7735784,961599.0,962024.0,0.05,0.528,1709.50859728,2249.22894737,961632.0,123672.57143462,5874.96531476
BTC_JPY,2020-05-26T00:17:25.007,7735896,961303.0,961996.0,0.03,0.1,1709.72998727,2244.98407114,961598.0,123631.67999535,5873.39631477
BTC_JPY,2020-05-26T00:20:09.253,7739257,960746.0,961212.0,0.03,0.32,1701.65712817,2254.80139221,960889.0,123411.01606455,5859.61041037
BTC_JPY,2020-05-26T00:20:14.107,7739388,960804.0,961212.0,0.05,0.32,1705.5750182999998,2254.74100221,960889.0,123394.14110125,5859.31141037
BTC_JPY,2020-05-26T00:20:19.307,7739528,960873.0,961470.0,0.03,0.07535,1709.5043182999998,2255.9677522,960889.0,123374.78423825,5858.62741037
BTC_JPY,2020-05-26T00:20:24.177,7739629,960912.0,961475.0,0.1,0.532,1708.3214182999998,2243.93594737,960889.0,123367.03374803,5857.41941037
BTC_JPY,2020-05-26T00:20:29.21,7739753,960696.0,960950.0,0.44999999,0.029,1705.38448463,2244.35546851,960877.0,123364.77349069,5855.71941037
BTC_JPY,2020-05-26T00:20:34.417,7739825,960716.0,961039.0,0.001,0.05,1707.24848463,2246.30746864,960877.0,123373.51911579,5855.67041137
BTC_JPY,2020-05-26T00:20:39.447,7739891,960716.0,961003.0,0.001,0.07533,1707.32222675,2258.21510076,960877.0,123365.03646264,5854.64941237
BTC_JPY,2020-05-26T00:20:44.877,7739979,960632.0,960831.0,0.05299998,0.32,1704.37396348,2257.60697078,960632.0,123363.95328073,5855.49841237
BTC_JPY,2020-05-26T00:20:49.693,7740050,960520.0,960807.0,0.001,0.07188,1702.00576332,2258.13891731,960500.0,123361.31268984,5855.60141235
BTC_JPY,2020-05-26T00:20:54.27,7740133,960500.0,960617.0,0.9694,0.32,1702.25055332,2258.70003729,960500.0,123361.64274158,5855.60341235
BTC_JPY,2020-05-26T00:20:58.977,7740200,960500.0,960807.0,0.6684,0.07812999999999999,1704.97411345,2258.77456729,960500.0,123360.27067869,5856.40941235
BTC_JPY,2020-05-26T00:21:04.073,7740241,960520.0,960812.0,0.001,0.2,1704.98662345,2260.26033729,960500.0,123354.80579476,5855.95341286
BTC_JPY,2020-05-26T00:21:09.703,7740321,960520.0,960812.0,0.001,0.2,1703.27071364,2256.90990749,960500.0,123352.08134062,5855.91141586
BTC_JPY,2020-05-26T00:21:14.54,7740411,960540.0,960812.0,0.001,0.2,1703.68595345,2258.71994749,960500.0,123356.02044523,5855.80141986
BTC_JPY,2020-05-26T00:21:20.16,7740579,960707.0,961146.0,0.07959,0.14469312,1706.07502932,2250.6830163000004,961146.0,123375.08787471,5857.49172772
BTC_JPY,2020-05-26T00:21:24.087,7740691,960746.0,961146.0,0.15,0.14469312,1703.7399635000006,2255.36871629,961146.0,123372.43163856,5856.99372772
BTC_JPY,2020-05-26T00:21:30.093,7740792,960801.0,961141.0,0.1,0.07872,1703.81888946,2255.970136300001,961146.0,123363.09557573,5856.99372772
BTC_JPY,2020-05-26T00:21:33.66,7740860,960801.0,961130.0,0.0970006,0.03,1705.08286424,2254.16541631,960801.0,123363.50323717,5856.99772712
BTC_JPY,2020-05-26T00:21:39.477,7741008,960500.0,960720.0,0.6684,0.05,1701.64490649,2255.61064346,960766.0,123375.37594471,5857.39572772
BTC_JPY,2020-05-26T00:21:44.833,7741103,960200.0,960708.0,0.156,0.2,1689.78886932,2257.24232741,960500.0,123376.21246105,5857.11224323
BTC_JPY,2020-05-26T00:21:49.37,7741260,959889.0,960100.0,0.1,0.001,1699.19354171,2256.59890314,960020.0,123384.0078532,5856.72042179
BTC_JPY,2020-05-26T00:21:53.9,7741366,959850.0,960321.0,0.2,1.0,1699.66143157,2256.47153202,960135.0,123399.4350433,5857.12142179
BTC_JPY,2020-05-26T00:21:59.483,7741548,960027.0,960560.0,0.15,0.07805,1699.90041785,2255.61943617,960135.0,123398.89358376,5857.10842279
BTC_JPY,2020-05-26T00:22:04.373,7741657,960077.0,960560.0,0.5243,0.07805,1697.44417785,2255.77178196,960135.0,123397.13627265,5857.01742179
BTC_JPY,2020-05-26T00:22:08.98,7741757,960160.0,960717.0,0.6243,1.0,1699.29753585,2256.28638623,960135.0,123394.74962908,5856.66742379
BTC_JPY,2020-05-26T00:22:14.923,7741932,960214.0,960863.0,0.3797,0.5135,1699.75009585,2256.25268624,960164.0,123395.86879901,5856.68442579
BTC_JPY,2020-05-26T00:22:19.387,7742051,960283.0,960855.0,0.1,0.5135,1701.70516585,2254.00268625,960164.0,123390.15636685,5856.66442679
BTC_JPY,2020-05-26T00:22:24.193,7742169,960260.0,960772.0,0.001,1.0,1699.34078157,2255.94303197,960164.0,123390.03498661,5856.66110779
BTC_JPY,2020-05-26T00:25:09.183,7745217,959899.0,960193.0,0.006999999999999999,0.31,1704.19615957,2243.37631409,959899.0,123185.25308093,5855.02823817
BTC_JPY,2020-05-26T00:25:14.937,7745349,959608.0,960161.0,0.519,0.074938,1704.32305957,2256.31315209,959609.0,123162.96627917,5853.16473818
BTC_JPY,2020-05-26T00:25:19.19,7745456,959628.0,960134.0,0.001,0.05,1694.71275025,2255.69756537,959609.0,123153.7845984,5853.16473818
BTC_JPY,2020-05-26T00:25:24.977,7745595,959628.0,960085.0,0.001,0.13,1704.72571085,2255.89920337,959609.0,123148.94757722,5853.06473818
BTC_JPY,2020-05-26T00:25:29.26,7745694,959648.0,960045.0,0.001,0.5267,1694.02183627,2254.38893337,959609.0,123137.09458639998,5844.542218600001
BTC_JPY,2020-05-26T00:25:34.627,7745817,959668.0,960031.0,0.001,0.16968329,1705.00181687,2255.70093139,959609.0,123123.62222807,5844.110218600003
BTC_JPY,2020-05-26T00:25:39.533,7745880,959668.0,960110.0,0.001,0.6767,1703.55173687,2257.81251139,960042.0,123115.31868947,5842.1141115
BTC_JPY,2020-05-26T00:25:44.143,7745948,959614.0,960085.0,0.07965,0.05,1703.57179687,2257.42062139,960042.0,123112.21152756,5842.0601115
BTC_JPY,2020-05-26T00:25:49.473,7746021,959629.0,960048.0,0.001,0.05,1692.48268285,2256.79483139,960042.0,123110.386403,5841.5461115
BTC_JPY,2020-05-26T00:25:54.653,7746199,959150.0,959505.0,0.05,0.578,1686.91528297,2258.06185053,959150.0,123116.78725703,5841.9000695
BTC_JPY,2020-05-26T00:25:59.507,7746317,959170.0,959478.0,0.001,0.1,1698.81414562,2253.59841258,959479.0,123100.410624,5841.5140695
BTC_JPY,2020-05-26T00:26:04.327,7746404,959182.0,959490.0,0.15,0.089999,1697.39356984,2256.21005324,959490.0,123114.67934009,5842.693071
BTC_JPY,2020-05-26T00:26:09.177,7746526,959225.0,959731.0,0.2,0.059936500000000004,1700.25023334,2255.38076074,959490.0,123111.74495672,5842.693071
BTC_JPY,2020-05-26T00:26:14.247,7746636,959490.0,959649.0,0.009000000000000001,0.0579365,1688.43095924,2255.24879074,959649.0,123109.16296672,5842.616071
BTC_JPY,2020-05-26T00:26:19.57,7746684,959510.0,959649.0,0.001,0.0567365,1689.45475924,2253.26488446,959649.0,123094.80536018,5842.617271
BTC_JPY,2020-05-26T00:26:24.063,7746740,959510.0,959839.0,0.001,0.39999999,1699.49050978,2254.36692418,959649.0,123099.32266422,5842.584271
BTC_JPY,2020-05-26T00:26:30.24,7746796,959541.0,959839.0,0.13,0.39999999,1705.72719978,2255.26994418,959649.0,123096.76278215,5842.583271
BTC_JPY,2020-05-26T00:26:34.57,7746846,959561.0,959838.0,0.001,0.0467365,1704.81663979,2254.55688446,959838.0,123081.34778215,5842.391271
BTC_JPY,2020-05-26T00:26:39.153,7746990,960340.0,960440.0,0.319,0.0745,1708.07666356,2250.61834797,959839.0,123087.40394887,5842.83500749
BTC_JPY,2020-05-26T00:26:44.633,7747157,960412.0,960900.0,0.07749,0.059916,1709.92641079,2247.8665906,960383.0,123118.60544601,5841.92250749
BTC_JPY,2020-05-26T00:26:49.793,7747302,960428.0,960899.0,0.001,0.5151,1689.65494021,2252.79177009,960408.0,123127.06221857,5842.59650749
BTC_JPY,2020-05-26T00:26:54.42,7747405,960439.0,960893.0,0.1,0.2,1702.3736208,2252.94479009,960408.0,123137.91346375,5842.59450749
BTC_JPY,2020-05-26T00:26:59.31,7747480,960470.0,960900.0,0.1,0.059916,1704.8926208,2252.77474009,960439.0,123144.08043975,5841.89350749
BTC_JPY,2020-05-26T00:27:04.227,7747569,960512.0,960900.0,0.1,0.059916,1705.72282081,2251.71924797,960470.0,123141.01689845,5841.90050749
BTC_JPY,2020-05-26T00:27:09.227,7747634,960501.0,960899.0,0.001,0.16953118,1703.01128357,2253.18877915,960470.0,123143.48634355,5840.95750749
BTC_JPY,2020-05-26T00:27:14.42,7747812,959969.0,960853.0,0.4877,0.51,1699.86900356,2255.27477915,960521.0,123134.28077867,5840.46750749
BTC_JPY,2020-05-26T00:27:19.307,7747992,959920.0,960421.0,0.32,0.001,1700.59530356,2257.15591915,959917.0,123123.33003504,5840.17450549
BTC_JPY,2020-05-26T00:27:24.67,7748124,959932.0,960421.0,0.1,0.001,1702.26299356,2255.66721682,959933.0,123101.85362462,5839.37450549
BTC_JPY,2020-05-26T00:30:09.7,7752939,953955.0,954431.0,0.44999999,0.1,1675.03101778,2235.68527233,954300.0,123458.25049726,5881.69665114
BTC_JPY,2020-05-26T00:30:14.673,7753071,954054.0,954828.0,0.001,0.7705,1678.28180505,2234.85334361,954234.0,123458.43310823,5882.07865324
BTC_JPY,2020-05-26T00:30:19.06,7753218,953958.0,954693.0,0.1,0.05,1676.79060685,2231.5720462,954234.0,123416.2675072,5882.07865324
BTC_JPY,2020-05-26T00:30:24.7,7753324,953999.0,954630.0,0.1,0.2,1677.73967777,2236.09671632,954234.0,123413.59757824,5881.63795324
BTC_JPY,2020-05-26T00:30:30.043,7753463,954234.0,954765.0,0.001,0.15,1674.88788778,2236.21860944,954234.0,123425.63503761,5881.80986924
BTC_JPY,2020-05-26T00:30:34.717,7753559,954066.0,954791.0,0.1,0.03,1678.34316089,2233.25667632,954752.0,123435.80700133,5882.02086924
BTC_JPY,2020-05-26T00:30:39.03,7753650,954154.0,954791.0,0.2,0.03,1682.30785735,2233.5873859000008,954142.0,123438.90212976,5882.03880924
BTC_JPY,2020-05-26T00:30:44.427,7753831,954808.0,955493.0,0.1,1.0,1675.02358854,2232.71574633,954752.0,123454.92130369,5882.97736427
BTC_JPY,2020-05-26T00:30:49.643,7753981,954944.0,955499.0,0.1,0.6134,1677.72425717,2237.99721684,954752.0,123466.41628345,5882.97636427
BTC_JPY,2020-05-26T00:30:54.027,7754134,954990.0,955474.0,0.32,0.1,1690.12700398,2231.20339873,954809.0,123474.18927233,5883.77336427
BTC_JPY,2020-05-26T00:30:59.227,7754264,955045.0,955492.0,0.001,0.019,1690.4140781,2231.34007676,955014.0,123479.31827798,5880.96507421
BTC_JPY,2020-05-26T00:31:04.967,7754414,955081.0,955492.0,0.1,0.019,1681.68551339,2231.27466264,955056.0,123482.22222243,5880.97407421
BTC_JPY,2020-05-26T00:31:09.763,7754586,955442.0,955989.0,0.1,0.1,1694.02828397,2232.70312643,955840.0,123511.83894055,5883.25007421
BTC_JPY,2020-05-26T00:31:14.437,7754754,955500.0,955981.0,0.394,0.05,1692.52824411,2236.54787643,955840.0,123535.63014457,5882.25007421
BTC_JPY,2020-05-26T00:31:19.767,7754896,955840.0,955966.0,0.5,0.03,1682.13806351,2236.53615643,955840.0,123543.17994829,5882.20107421
BTC_JPY,2020-05-26T00:31:24.41,7754981,955860.0,955989.0,0.001,0.1,1682.61514105,2228.9358703000007,955966.0,123545.2344231,5882.23107421
BTC_JPY,2020-05-26T00:31:29.2,7755024,955982.0,955989.0,0.1,0.03167705,1692.65012165,2230.75624555,955989.0,123537.43141397,5882.29939716
BTC_JPY,2020-05-26T00:31:34.25,7755078,956095.0,956400.0,0.1,1.5,1694.80141879,2228.84134458,956400.0,123547.17215563,5882.11039721
BTC_JPY,2020-05-26T00:31:39.67,7755295,957082.0,958079.0,0.2127,0.15,1689.82073779,2218.89413938,957082.0,123600.21054125,5887.62851019
BTC_JPY,2020-05-26T00:31:44.937,7755472,956851.0,957664.0,0.297,0.1,1680.12315706,2222.31129328,956851.0,123628.76677784,5887.59361019
BTC_JPY,2020-05-26T00:31:49.777,7755655,956722.0,957381.0,0.1,0.6439,1690.39397407,2227.08225438,956711.0,123637.30955911,5887.83820924
BTC_JPY,2020-05-26T00:31:54.483,7755826,956857.0,957920.0,0.08082,0.32,1683.49792701,2223.67720809,956890.0,123649.85366449,5888.45820924
BTC_JPY,2020-05-26T00:31:59.397,7756005,956692.0,956711.0,0.001,0.971,1681.91481146,2230.26850795,956711.0,123662.00269759,5889.44920924
BTC_JPY,2020-05-26T00:32:05.163,7756185,956672.0,957201.0,0.1,0.2,1688.40057199,2231.45835913,956711.0,123665.91520907,5890.42020924
BTC_JPY,2020-05-26T00:32:09.193,7756280,956800.0,957185.0,0.1,0.11,1690.32467212,2231.63642925,956711.0,123656.90537934,5890.42020924
BTC_JPY,2020-05-26T00:32:14.46,7756396,956672.0,957036.0,0.1,0.11,1690.84829911,2234.79710804,956500.0,123656.97492968,5890.65520225
BTC_JPY,2020-05-26T00:32:18.863,7756525,956500.0,956941.0,0.02500699,0.6252,1679.99627733,2236.07259678,956692.0,123665.99711192,5890.77505225
BTC_JPY,2020-05-26T00:32:24.117,7756647,956420.0,956901.0,0.001,0.2,1690.26862968,2236.75139678,956500.0,123660.57136278,5890.79805924
BTC_JPY,2020-05-26T00:35:10.12,7759900,956000.0,956489.0,0.01290008,0.11,1687.27291723,2239.82888588,956000.0,123632.78069193,5885.28593457
BTC_JPY,2020-05-26T00:35:14.467,7759958,956000.0,956488.0,0.01290008,0.11,1687.58486875,2235.21888588,956000.0,123604.29953442,5873.99465415
BTC_JPY,2020-05-26T00:35:19.693,7760039,956000.0,956449.0,0.01290008,0.05,1686.62429875,2238.98849598,956000.0,123559.30425569,5864.54673625
BTC_JPY,2020-05-26T00:35:23.147,7760070,956000.0,956438.0,0.01290008,0.07321,1686.53429875,2238.72209598,956000.0,123526.16097299,5864.47073625
BTC_JPY,2020-05-26T00:35:29.16,7760164,956000.0,956562.0,0.01290008,0.03,1686.39196875,2239.25139881,956000.0,123524.25753944,5864.34673625
BTC_JPY,2020-05-26T00:35:35.02,7760391,955318.0,955982.0,0.0094,0.11,1669.87867026,2242.97962733,955500.0,123530.88435136,5864.50113633
BTC_JPY,2020-05-26T00:35:39.303,7760502,955171.0,955957.0,0.614,0.07297999999999999,1673.31076008,2242.53780733,955500.0,123534.16093507,5864.45113633
BTC_JPY,2020-05-26T00:35:44.4,7760652,955212.0,955939.0,0.3856,0.614,1684.95074068,2241.91922733,955500.0,123535.97346103,5864.45113633
BTC_JPY,2020-05-26T00:35:49.257,7760794,955218.0,955919.0,0.15,0.7140000000000001,1684.88110068,2242.32028797,955500.0,123535.00129119,5864.43851833
BTC_JPY,2020-05-26T00:35:54.11,7760914,955237.0,956074.0,0.614,0.115,1685.98216073,2238.59498799,956074.0,123541.04712368,5864.54851833
BTC_JPY,2020-05-26T00:35:59.28,7761093,955452.0,956073.0,0.07699,0.08,1682.34522832,2237.40390804,956074.0,123549.72712073,5864.53748533
BTC_JPY,2020-05-26T00:36:04.493,7761222,955737.0,956258.0,0.6094,0.44999999,1684.11090832,2237.25738552,956087.0,123549.33328614,5864.39049232
BTC_JPY,2020-05-26T00:36:09.807,7761375,956303.0,956672.0,0.6078,0.1,1687.25490552,2232.30225286,956258.0,123571.16288139999,5864.83649231
BTC_JPY,2020-05-26T00:36:14.837,7761565,957184.0,957320.0,0.05,0.005,1689.1114318,2201.16260916,957320.0,123583.86628002,5867.2154611999995
BTC_JPY,2020-05-26T00:36:19.757,7761741,957193.0,957672.0,0.1,0.1,1689.57918653,2230.98861806,957500.0,123606.25666954,5867.2804612
BTC_JPY,2020-05-26T00:36:24.23,7761841,957224.0,957672.0,0.1,0.1,1688.12076069,2233.73809191,957500.0,123607.84049155,5867.2804612
BTC_JPY,2020-05-26T00:36:28.99,7761919,957191.0,957521.0,0.00010499,0.6261,1686.58793954,2258.32373191,957191.0,123600.50109457,5866.83035621
BTC_JPY,2020-05-26T00:36:34.787,7762086,956075.0,956734.0,0.2743,0.609,1683.00096082,2264.5922868000002,956258.0,123618.78280808,5868.21859701
BTC_JPY,2020-05-26T00:36:39.053,7762227,956074.0,956533.0,0.99415651,0.6082,1684.02516202,2235.23846575,956074.0,123623.10113351,5868.7987405
BTC_JPY,2020-05-26T00:36:44.54,7762416,956175.0,957034.0,0.297,0.0118,1675.39931402,2220.87642109,956826.0,123635.91532009,5869.2287405
BTC_JPY,2020-05-26T00:36:49.03,7762545,956198.0,956302.0,0.47249999,6.69,1685.15811731,2229.37508107,956302.0,123641.45809761,5871.6987405
BTC_JPY,2020-05-26T00:36:54.49,7762700,955379.0,956299.0,0.07363,0.6407,1679.80748835,2244.33453168,956074.0,123660.28248202,5881.65406673
BTC_JPY,2020-05-26T00:36:59.237,7762839,955411.0,956074.0,0.15,0.057999999999999996,1677.62454901,2224.6502116,956000.0,123660.74717332,5881.65436673
BTC_JPY,2020-05-26T00:37:04.22,7762973,955455.0,956074.0,0.25,0.057999999999999996,1677.67369901,2225.34491172,956000.0,123665.15706849,5881.45436673
BTC_JPY,2020-05-26T00:37:09.573,7763093,955346.0,955721.0,0.01,0.3228,1678.32164407,2229.56550662,955467.0,123681.06786108,5887.45436673
BTC_JPY,2020-05-26T00:37:14.497,7763245,955253.0,956028.0,0.07764,0.32,1680.74118407,2222.80192106,955467.0,123653.28009703,5884.4358047
BTC_JPY,2020-05-26T00:37:19.787,7763411,955283.0,956072.0,0.15,0.294,1669.78043763,2226.26470675,955467.0,123644.75591296,5880.8268047
BTC_JPY,2020-05-26T00:37:24.083,7763544,955291.0,955902.0,0.15,0.32,1679.83248407,2221.19120675,955467.0,123639.84077637,5877.7158047
BTC_JPY,2020-05-26T00:40:09.113,7767354,954505.0,955138.0,0.5239,0.0794,1696.31694983,2234.6160716,955104.0,123699.46425821,5877.68625933
BTC_JPY,2020-05-26T00:40:13.933,7767491,954633.0,955531.0,0.32,0.6039,1688.92345922,2239.30547146,955104.0,123704.75853832,5877.68625933
BTC_JPY,2020-05-26T00:40:19.527,7767653,955095.0,955804.0,0.7539,0.08021,1705.14023981,2238.6961311,955104.0,123709.88469428,5877.48625933
BTC_JPY,2020-05-26T00:40:24.253,7767773,955166.0,955804.0,0.4133,0.07662999999999999,1704.46848994,2232.91120162,955104.0,123712.15511719,5877.48625933
BTC_JPY,2020-05-26T00:40:29.943,7767895,955218.0,955400.0,0.4989,1.0,1693.25676309,2237.62611537,955104.0,123710.66446863,5877.48625933
BTC_JPY,2020-05-26T00:40:34.697,7767998,955257.0,955810.0,0.05,1.1,1706.56698356,2236.88441537,955104.0,123703.47002385,5876.48602379
BTC_JPY,2020-05-26T00:40:38.857,7768088,955294.0,955809.0,0.6539,0.1,1706.86899369,2236.77556537,955269.0,123704.89642563,5875.45862404
BTC_JPY,2020-05-26T00:40:44.07,7768221,955400.0,955810.0,0.7479,0.59999974,1709.02205768,2236.08953565,955810.0,123714.40945317,5876.0586243
BTC_JPY,2020-05-26T00:40:49.26,7768303,955440.0,955810.0,0.6155,0.59999974,1708.00815768,2237.1522391,955810.0,123709.17221655,5876.0586243
BTC_JPY,2020-05-26T00:40:54.183,7768363,955467.0,955810.0,0.2,0.59999974,1707.11626768,2237.60287909,955810.0,123706.09231625,5875.83952281
BTC_JPY,2020-05-26T00:40:59.003,7768420,955574.0,955927.0,0.30000013,0.07329,1706.28579945,2236.50981112,955810.0,123703.04096565,5875.73952281
BTC_JPY,2020-05-26T00:41:04.38,7768499,955585.0,956074.0,0.15,0.058,1705.97283768,2237.23698935,955810.0,123687.27938065,5875.53752281
BTC_JPY,2020-05-26T00:41:09.013,7768601,955292.0,955999.0,0.30000013,0.44999999,1702.20195768,2241.22467934,955426.0,123688.84995092,5874.91163054
BTC_JPY,2020-05-26T00:41:13.983,7768750,954729.0,955000.0,0.1,1.286,1697.80080213,2240.26147112,955000.0,123690.83577992,5878.62563054
BTC_JPY,2020-05-26T00:41:19.71,7768857,954812.0,955350.0,0.7583,0.309,1700.38460226,2238.53273394,955000.0,123694.32322334,5879.89963054
BTC_JPY,2020-05-26T00:41:24.413,7768976,955037.0,955775.0,0.15,0.08022,1693.03432166,2235.66715394,955000.0,123689.30313591,5879.89963054
BTC_JPY,2020-05-26T00:41:28.853,7769082,955088.0,955775.0,0.1,0.08022,1703.40404226,2240.32715394,955038.0,123687.4928359,5879.90963054
BTC_JPY,2020-05-26T00:41:34.827,7769323,956083.0,956422.0,0.15,0.03969052,1689.98648938,2233.86131151,956462.0,123713.47590305,5881.46806002
BTC_JPY,2020-05-26T00:41:39.36,7769462,956119.0,956480.0,0.1,0.13969013,1701.82774883,2231.63231113,956480.0,123749.38100056,5885.10857575
BTC_JPY,2020-05-26T00:41:44.36,7769565,956159.0,956480.0,0.1,0.13969013,1702.03058945,2233.17935994,956480.0,123747.79222062,5885.10857575
BTC_JPY,2020-05-26T00:41:49.473,7769716,955501.0,956140.0,0.2,0.1,1688.13296671,2237.85521725,956478.0,123800.95588569,5885.96540289
BTC_JPY,2020-05-26T00:41:54.493,7769830,955500.0,955913.0,1.99e-06,0.5868,1699.32704049,2237.12710725,956478.0,123810.12621998,5884.81340289
BTC_JPY,2020-05-26T00:41:59.903,7769934,955422.0,955905.0,0.1,0.5845,1700.8740385,2237.35497029,955500.0,123820.96638014,5885.03240488
BTC_JPY,2020-05-26T00:42:04.953,7770038,955422.0,955912.0,0.2,0.5845,1690.8668479000007,2237.33717029,955500.0,123822.44942342,5885.03240488
BTC_JPY,2020-05-26T00:42:09.287,7770131,955422.0,955879.0,0.2,0.5845,1701.27815204,2238.31122027,955500.0,123821.54501297,5885.03040488
BTC_JPY,2020-05-26T00:42:14.807,7770321,954501.0,955250.0,0.15,0.6329,1685.77165547,2237.97388782,955000.0,123846.08148657,5887.33040488
BTC_JPY,2020-05-26T00:42:20.057,7770474,954504.0,955056.0,0.05,0.1,1688.19982155,2238.43293388,955000.0,123843.16618772,5886.31940687
BTC_JPY,2020-05-26T00:42:24.4,7770570,954511.0,955047.0,0.4523,0.1,1698.12080215,2239.19583388,955000.0,123839.90247147,5886.31940687
BTC_JPY,2020-05-26T00:45:09.137,7775058,954471.0,954848.0,0.1,0.15,1695.54656539,2242.51799993,954966.0,124042.40917529,5896.72170075
BTC_JPY,2020-05-26T00:45:15,7775190,954471.0,954854.0,0.30000013,0.15,1693.35548539,2239.14504566,954822.0,124031.34045479,5896.80070075
BTC_JPY,2020-05-26T00:45:19.587,7775285,954472.0,954870.0,0.15,3.82,1692.86029114,2241.19513566,954853.0,124025.80285517,5896.88070075
BTC_JPY,2020-05-26T00:45:24.48,7775337,954473.0,954870.0,0.05,3.82,1692.85913317,2242.12080769,954853.0,124019.82486353,5896.88070075
BTC_JPY,2020-05-26T00:45:29.17,7775365,954472.0,954870.0,0.1,3.82,1693.50307317,2244.0823477,954853.0,124011.5715285,5896.88070075
BTC_JPY,2020-05-26T00:45:34.433,7775401,954472.0,954870.0,0.1,3.82,1694.11359317,2244.0907476999996,954853.0,123992.03796589,5894.85090075
BTC_JPY,2020-05-26T00:45:39.583,7775425,954472.0,954870.0,0.1,3.82,1694.09478317,2245.2907477,954853.0,123986.35846352,5894.84990075
BTC_JPY,2020-05-26T00:45:44.183,7775452,954476.0,954853.0,0.05,0.39399999999999996,1693.33578317,2245.7564276999997,954853.0,123985.79013021,5894.84990075
BTC_JPY,2020-05-26T00:45:49.363,7775511,954471.0,954853.0,0.30000013,0.39399999999999996,1692.97601317,2245.53939771,954853.0,123978.98880985,5894.44990075
BTC_JPY,2020-05-26T00:45:54.84,7775575,954484.0,954853.0,0.263,0.39399999999999996,1694.15557316,2242.96825106,954853.0,123972.16858881,5894.43790075
BTC_JPY,2020-05-26T00:45:58.96,7775723,955015.0,955245.0,0.00400076,2.74319073,1693.05137378,2240.1690618000002,955087.0,123983.75562472,5897.35871001
BTC_JPY,2020-05-26T00:46:04.43,7775860,955093.0,955264.0,0.15,0.78396848,1683.39429971,2238.68023348,955264.0,123998.44610436,5899.37474153
BTC_JPY,2020-05-26T00:46:10.267,7775947,955001.0,955263.0,0.05,0.1,1684.84328972,2238.72846027,955264.0,123960.00678769,5894.88594455
BTC_JPY,2020-05-26T00:46:14.647,7776016,955001.0,955263.0,0.05,0.1,1693.61590972,2230.03191968,955264.0,123930.3730307,5894.24776635
BTC_JPY,2020-05-26T00:46:18.787,7776093,955001.0,955264.0,0.05,0.71496848,1695.93690972,2236.09873361,955264.0,123916.23568326,5894.41676635
BTC_JPY,2020-05-26T00:46:24.057,7776177,955003.0,955264.0,0.05,0.51496848,1694.01489972,2234.68415288,955264.0,123911.34922063,5894.60676635
BTC_JPY,2020-05-26T00:46:29.267,7776250,955008.0,955264.0,0.2,0.51496848,1693.85489959,2236.20979288,955264.0,123915.09953043,5894.60676635
BTC_JPY,2020-05-26T00:46:34.477,7776378,955290.0,955422.0,0.2,0.1,1695.3383997,2240.26957511,955264.0,123915.01883455,5895.12173483
BTC_JPY,2020-05-26T00:46:39.76,7776503,955323.0,955622.0,0.1,0.1,1696.0113997,2238.01981191,955422.0,123922.70728384,5895.14173483
BTC_JPY,2020-05-26T00:46:44.99,7776626,955335.0,955622.0,0.1,0.1,1695.19344651,2240.66371676,955422.0,123932.95186747,5895.14173483
BTC_JPY,2020-05-26T00:46:49.333,7776725,955346.0,955622.0,0.2,0.1,1694.6586215,2242.48291191,955422.0,123933.3403402,5895.04073483
BTC_JPY,2020-05-26T00:46:54.413,7776790,955349.0,955422.0,0.2,0.2,1692.8228715,2242.37607689,955422.0,123930.81063997,5895.04073483
BTC_JPY,2020-05-26T00:47:00.003,7776848,955230.0,955422.0,0.30000013,0.2,1693.2579114999999,2241.69878191,955422.0,123919.04717162,5890.62873583
BTC_JPY,2020-05-26T00:47:04.053,7776914,955242.0,955422.0,0.1,0.01,1693.6003614999993,2241.68058689,955422.0,123917.29013429,5890.80773683
BTC_JPY,2020-05-26T00:47:09.303,7777006,955252.0,955422.0,0.2,0.01,1690.82239639,2241.61771689,955422.0,123914.15067301,5889.80673483
BTC_JPY,2020-05-26T00:47:14.543,7777090,955000.0,955433.0,0.05,0.15,1689.91364652,2242.20183674,955422.0,123908.96280701,5889.40673444
BTC_JPY,2020-05-26T00:47:19.053,7777216,955007.0,955582.0,0.05,0.6213,1679.52832208,2242.37850614,955422.0,123902.63674919998,5889.39573444
BTC_JPY,2020-05-26T00:47:25.04,7777406,955024.0,955621.0,0.05,0.5989,1690.3472070999999,2237.72344616,955422.0,123895.12618427,5888.24262768
BTC_JPY,2020-05-26T00:50:09.383,7780486,955727.0,955850.0,0.29318231,1.0,1683.58452703,2241.71548107,955622.0,123818.98020459,5888.64378881
BTC_JPY,2020-05-26T00:50:14.283,7780627,955749.0,956000.0,0.31,0.21504896,1685.04477774,2241.39375865,955747.0,123833.41175025,5889.95553992
BTC_JPY,2020-05-26T00:50:18.617,7780713,955855.0,956000.0,0.05,0.21504896,1672.70892783,2238.66765866,955747.0,123828.54985273,5876.53137126
BTC_JPY,2020-05-26T00:50:24.18,7780777,955866.0,956000.0,0.31,0.21504896,1694.15912783,2240.49796009,955747.0,123824.3693771,5875.26507077
BTC_JPY,2020-05-26T00:50:29.067,7780826,955875.0,956000.0,0.2,0.11504896,1694.32159106,2241.5062019,956000.0,123797.89218057,5864.14137127
BTC_JPY,2020-05-26T00:50:34.833,7780896,955884.0,956000.0,0.2,0.47204896,1696.36283106,2244.0598019,955870.0,123795.02393594,5864.36283127
BTC_JPY,2020-05-26T00:50:39.78,7781018,956047.0,956210.0,0.05,0.84,1695.8750958,2246.44803779,956000.0,123794.75443688,5864.83488023
BTC_JPY,2020-05-26T00:50:43.96,7781114,956050.0,956494.0,0.15,0.08068,1694.67151593,2245.57500761,956000.0,123791.93616003,5864.83488023
BTC_JPY,2020-05-26T00:50:49.293,7781264,955923.0,956445.0,0.05,0.1,1692.1850857999998,2245.53932748,956000.0,123801.31687598,5864.83488023
BTC_JPY,2020-05-26T00:50:54.843,7781406,955871.0,956398.0,0.06500699,0.07956,1693.81317624,2248.0212221,955871.0,123811.93719547,5864.69987324
BTC_JPY,2020-05-26T00:50:59.07,7781483,955871.0,956359.0,0.06500699,0.5764,1694.55620593,2247.44802511,955871.0,123808.72536187,5864.69987324
BTC_JPY,2020-05-26T00:51:04.48,7781602,955850.0,956305.0,0.1,0.5764,1693.89844881,2248.34341542,955871.0,123807.84434007,5864.69987324
BTC_JPY,2020-05-26T00:51:09.343,7781703,955851.0,956269.0,0.05,0.5764,1694.27069894,2248.31395511,955871.0,123804.38986056,5864.69887324
BTC_JPY,2020-05-26T00:51:14,7781778,955873.0,956228.0,0.05,0.15,1694.35470593,2248.30497511,955871.0,123803.37486056,5864.69787324
BTC_JPY,2020-05-26T00:51:19.98,7781844,955871.0,956236.0,0.03,0.5764,1694.68306858,2248.25541529,955873.0,123799.62164089,5864.70587324
BTC_JPY,2020-05-26T00:51:24.057,7781927,955874.0,956281.0,0.5266,0.01098981,1695.41387557,2246.36595475,955873.0,123801.48351861,5862.81287324
BTC_JPY,2020-05-26T00:51:29.357,7782035,955937.0,956281.0,0.1,0.01098981,1696.18085557,2246.27762025,955873.0,123800.84551861,5862.40487324
BTC_JPY,2020-05-26T00:51:34.363,7782115,955977.0,956330.0,0.05,1.0,1696.93426858,2248.02653044,955873.0,123803.53474837,5861.87487324
BTC_JPY,2020-05-26T00:51:39.443,7782175,955977.0,956330.0,0.05,1.0,1696.82194858,2247.17959098,955873.0,123806.95394819,5861.87487324
BTC_JPY,2020-05-26T00:51:44.67,7782236,956025.0,956330.0,0.5764,1.0,1697.36589925,2246.01761044,955873.0,123807.86864475,5861.87387324
BTC_JPY,2020-05-26T00:51:50.577,7782343,956038.0,956330.0,0.05,1.0,1696.62067557,2245.45313032,955873.0,123808.19334188,5861.87387324
BTC_JPY,2020-05-26T00:51:54.773,7782460,955897.0,956330.0,0.1,1.0,1697.58266858,2245.04694113,955873.0,123805.58434188,5861.62387324
BTC_JPY,2020-05-26T00:51:59.177,7782576,955997.0,956330.0,0.32,1.0,1697.23666198,2245.14762386,955910.0,123807.76492541,5861.63046732
BTC_JPY,2020-05-26T00:52:04.747,7782666,956036.0,956330.0,0.1,1.0,1697.11666198,2244.47629113,955910.0,123775.64307398,5851.31046632
BTC_JPY,2020-05-26T00:52:09.703,7782720,956037.0,956330.0,0.22728869,1.0,1697.00882054,2244.82672386,956036.0,123747.80521928,5846.50605178
BTC_JPY,2020-05-26T00:52:14.287,7782772,956038.0,956324.0,0.05,0.07831,1695.54958781,2245.57993386,956036.0,123738.99340881,5845.0400508
BTC_JPY,2020-05-26T00:52:20.173,7782916,955852.0,956295.0,0.0015,0.5764,1695.66230933,2244.70719088,955871.0,123733.51092235,5843.66893299
BTC_JPY,2020-05-26T00:52:24.247,7783054,955503.0,956090.0,0.05,0.01098981,1685.05636925,2237.75168079,955852.0,123738.46168479,5843.67043299
BTC_JPY,2020-05-26T00:55:09.88,7786860,955140.0,955321.0,1.2,0.02,1683.30084107,2250.26883091,955314.0,123616.71506188,5825.29631059
BTC_JPY,2020-05-26T00:55:13.913,7786926,955320.0,955321.0,0.01,0.02,1683.93955107,2249.01998093,955314.0,123618.78674667,5825.29531059
BTC_JPY,2020-05-26T00:55:19.603,7786984,955140.0,955321.0,1.2,0.02,1683.29884107,2251.94464093,955320.0,123620.08772908,5825.19110967
BTC_JPY,2020-05-26T00:55:23.387,7787001,955140.0,955321.0,1.2,0.02,1683.38615107,2252.01809093,955320.0,123618.93802908,5823.76910967
BTC_JPY,2020-05-26T00:55:29.857,7787061,955140.0,955314.0,1.2,0.01,1683.39122607,2252.95065591,955260.0,123622.37264848,5824.34972867
BTC_JPY,2020-05-26T00:55:34.767,7787107,955140.0,955314.0,1.2,0.01,1683.16686607,2251.0724759,955260.0,123623.19234848,5824.07642867
BTC_JPY,2020-05-26T00:55:39.11,7787142,955140.0,955314.0,0.79688,0.01,1683.35060823,2253.64269806,955140.0,123623.19117117,5824.17854854
BTC_JPY,2020-05-26T00:55:44.057,7787204,955140.0,955314.0,0.6877,0.01,1683.74329823,2253.17757806,955140.0,123623.02062209,5822.18672763
BTC_JPY,2020-05-26T00:55:49.267,7787277,955140.0,955314.0,0.6877,0.01,1683.5122281,2252.29012195,955140.0,123622.19248593,5821.8337274999985
BTC_JPY,2020-05-26T00:55:54.333,7787359,955000.0,955314.0,0.02,0.01,1683.12994823,2252.68308208,955140.0,123627.40993428,5821.8327275
BTC_JPY,2020-05-26T00:55:59.753,7787484,954670.0,955016.0,2.0,0.5695,1682.55481326,2254.23802875,955000.0,123638.19787386,5819.7217275
BTC_JPY,2020-05-26T00:56:03.953,7787528,954670.0,955072.0,2.0,0.08023999999999999,1682.45193326,2254.85200874,955016.0,123637.95017386,5819.6397275
BTC_JPY,2020-05-26T00:56:09.007,7787608,954671.0,955163.0,0.5678,0.08077000000000001,1682.43642326,2254.63473874,955016.0,123643.46556416,5819.5797265
BTC_JPY,2020-05-26T00:56:14.247,7787649,954781.0,955168.0,0.5678,0.1,1684.06693412,2254.36626961,955163.0,123645.45784292,5819.583225500001
BTC_JPY,2020-05-26T00:56:18.33,7787663,955016.0,955168.0,0.049,0.1,1684.03570412,2254.32163961,955163.0,123643.76674081,5819.27222437
BTC_JPY,2020-05-26T00:56:24.563,7787711,955016.0,955169.0,0.01901,0.32,1683.78401399,2253.98163962,955016.0,123643.66180669,5819.28121337
BTC_JPY,2020-05-26T00:56:29.623,7787774,955016.0,955169.0,1e-05,0.32,1684.96271039,2252.50396591,955016.0,123649.30190154,5819.29921337
BTC_JPY,2020-05-26T00:56:33.947,7787835,954991.0,955314.0,0.5673,0.01,1684.56723026,2252.65646591,954991.0,123649.29401276,5818.02216285
BTC_JPY,2020-05-26T00:56:39.737,7787902,954991.0,955314.0,0.5673,0.01,1684.22623026,2249.93557592,954991.0,123649.42813154,5817.98016285
BTC_JPY,2020-05-26T00:56:43.867,7787997,954993.0,955501.0,0.5673,0.3989,1683.12123473,2252.94931038,954991.0,123649.36714207,5817.81416285
BTC_JPY,2020-05-26T00:56:49.933,7788144,954992.0,955501.0,0.5673,0.07301,1684.35670966,2252.85948038,954991.0,123649.84336529,5817.81316285
BTC_JPY,2020-05-26T00:56:54.763,7788233,954991.0,955382.0,0.1,0.1,1683.90435966,2252.87387038,954992.0,123648.72474749999,5817.98315985
BTC_JPY,2020-05-26T00:56:58.963,7788326,954991.0,955375.0,0.1,0.4059,1683.56249059,2252.05237022,954992.0,123648.9347405,5817.91315285
BTC_JPY,2020-05-26T00:57:04.967,7788467,955021.0,955520.0,0.1051,0.01,1684.27056809,2237.25981022,954992.0,123647.98111800001,5815.06384885
BTC_JPY,2020-05-26T00:57:09.227,7788518,955046.0,955520.0,0.1043,0.01,1687.21462619,2249.62807748,954992.0,123640.11186763,5815.06384885
BTC_JPY,2020-05-26T00:57:14.353,7788597,955063.0,955520.0,0.1047,0.01,1686.89838619,2249.68907022,954992.0,123629.94118284,5809.65384885
BTC_JPY,2020-05-26T00:57:20.04,7788668,955064.0,955520.0,0.05,0.01,1687.26148619,2249.60122748,954992.0,123608.69523191,5806.40284785
BTC_JPY,2020-05-26T00:57:24.31,7788735,955069.0,955520.0,0.6058,0.01,1692.34948619,2249.41136022,954992.0,123552.08610569999,5804.20786575
BTC_JPY,2020-05-26T01:00:09.6,7793061,956407.0,956999.0,0.15,0.09000001,1676.07134593,2228.89507348,956996.0,123414.87668102,5786.40362266
BTC_JPY,2020-05-26T01:00:14.647,7793146,956426.0,957000.0,0.07607,0.84200001,1685.9904593,2245.61125869,957000.0,123416.85235389,5786.58912266
BTC_JPY,2020-05-26T01:00:19.387,7793239,956440.0,956999.0,0.1,0.552,1687.04106944,2239.44088348,957000.0,123417.18745197,5786.37812056
BTC_JPY,2020-05-26T01:00:24.323,7793342,956502.0,956999.0,0.15,0.552,1687.35176744,2241.26125528,957000.0,123422.17188313,5786.37812056
BTC_JPY,2020-05-26T01:00:29.24,7793437,956511.0,956994.0,0.05,0.07769,1686.92906246,2243.40153326,956506.0,123428.09539941,5786.39716784
BTC_JPY,2020-05-26T01:00:35.13,7793564,956522.0,956956.0,0.31,0.2,1686.42666246,2237.80288335,956506.0,123431.88615138,5786.39716784
BTC_JPY,2020-05-26T01:00:38.977,7793700,956606.0,957436.0,0.1,0.5435,1687.43672727,2236.23837989,957000.0,123441.06889629,5787.33916785
BTC_JPY,2020-05-26T01:00:44.717,7793852,956668.0,957340.0,0.1,0.32,1673.47504164,2226.43798257,957429.0,123446.41427357,5788.32316785
BTC_JPY,2020-05-26T01:00:49.79,7794044,957621.0,957622.0,0.10000013,0.065,1675.97605552,2222.38191636,957622.0,123449.35446268,5789.02916785
BTC_JPY,2020-05-26T01:00:54.047,7794154,957650.0,958000.0,0.31,0.52000009,1680.8103104000006,2234.53808184,957634.0,123461.58841734,5789.10916785
BTC_JPY,2020-05-26T01:00:59.477,7794272,957661.0,958060.0,0.31,2.0,1687.56183324,2236.97439328,958015.0,123465.5841755,5789.97461811
BTC_JPY,2020-05-26T01:01:04.093,7794367,957666.0,958049.0,0.05,0.01,1686.06253325,2238.97749329,958015.0,123472.4853473,5789.97261811
BTC_JPY,2020-05-26T01:01:09.46,7794530,957118.0,957639.0,0.05470012,0.01,1675.49576243,2231.20758408,957118.0,123491.16464462,5790.77691798
BTC_JPY,2020-05-26T01:01:14.393,7794666,957118.0,957609.0,0.05470012,0.01,1676.22424924,2231.555142800001,957118.0,123495.04497410002,5790.57691798
BTC_JPY,2020-05-26T01:01:19.22,7794754,957121.0,957519.0,1.537456,0.01,1679.21860234,2230.78735278,957118.0,123494.49069526,5790.59691798
BTC_JPY,2020-05-26T01:01:24.18,7794807,957121.0,957487.0,1.527456,0.01,1679.52039194,2230.29735225,957121.0,123493.55727402,5790.47691798
BTC_JPY,2020-05-26T01:01:29.113,7794872,957121.0,957411.0,1.527456,0.0756,1690.37181194,2241.84295226,957121.0,123492.10257212,5790.47691798
BTC_JPY,2020-05-26T01:01:34.853,7795001,957130.0,957631.0,0.1,0.32,1682.43571194,2236.72350175,957121.0,123501.55158245,5790.47691798
BTC_JPY,2020-05-26T01:01:39.497,7795092,957631.0,957914.0,0.30994,0.07213,1682.29316414,2236.71447214,957631.0,123477.60273492,5789.31597997
BTC_JPY,2020-05-26T01:01:44.827,7795230,957133.0,957703.0,1.5064252,0.07973,1681.07124075,2237.56259141,957130.0,123479.35740314,5789.50228997
BTC_JPY,2020-05-26T01:01:49.75,7795342,957133.0,957658.0,1.5064252,0.01,1691.55549954,2248.01645053,957303.0,123477.94376361,5789.51228997
BTC_JPY,2020-05-26T01:01:54.283,7795431,957134.0,957619.0,0.05,0.5234,1691.0970993,2249.02610174,957303.0,123477.89094589,5789.51228997
BTC_JPY,2020-05-26T01:01:59.207,7795544,957133.0,957427.0,1.5064252,0.32,1681.79775064,2239.67821974,957303.0,123478.43941394,5789.50228997
BTC_JPY,2020-05-26T01:02:04.15,7795650,957133.0,957420.0,0.60957767,0.04999001,1690.62180111,2239.18609174,957133.0,123470.5018283,5788.4402375
BTC_JPY,2020-05-26T01:02:09.903,7795769,956833.0,957133.0,0.05,0.11721835,1689.30177209,2248.89276846,957130.0,123439.04224024,5786.05353642
BTC_JPY,2020-05-26T01:02:14.5,7795831,956833.0,957133.0,0.05,0.11721835,1687.40172372,2249.54847901,957130.0,123421.77010928,5784.70153642
BTC_JPY,2020-05-26T01:02:19.527,7795928,956623.0,957130.0,0.25,0.5299,1678.68474424,2252.022389,957130.0,123416.65949986,5783.58153642
BTC_JPY,2020-05-26T01:02:24.847,7796042,956627.0,957158.0,0.05,0.07216,1679.64046411,2251.40880066,957130.0,123399.34457135,5782.01153642
BTC_JPY,2020-05-26T01:05:09.723,7800118,957289.0,957835.0,0.07671,0.47249999,1699.06946552,2255.72768228,957500.0,123407.24491894,5770.68443852
BTC_JPY,2020-05-26T01:05:14.693,7800253,957467.0,957835.0,0.1,0.47249999,1698.07346112,2257.28045228,957500.0,123401.90858301,5765.92116977
BTC_JPY,2020-05-26T01:05:19.54,7800351,957502.0,957835.0,0.31,0.47249999,1697.54959816,2257.13742229,957500.0,123397.47906596,5765.40923378
BTC_JPY,2020-05-26T01:05:23.923,7800424,957514.0,958027.0,0.1,0.47249999,1694.94604466,2256.19236275,957835.0,123384.85743351,5759.53123178
BTC_JPY,2020-05-26T01:05:30.047,7800572,957466.0,957980.0,0.05,0.1,1684.85213585,2246.50416392,957835.0,123396.27801083,5759.1113998
BTC_JPY,2020-05-26T01:05:33.997,7800669,957500.0,958016.0,1.90681,0.1,1699.24413815,2258.10157392,957835.0,123396.01808899,5758.4023998
BTC_JPY,2020-05-26T01:05:39.447,7800779,957509.0,958027.0,0.05,0.47249999,1699.35245815,2253.61070379,957835.0,123395.51889566,5758.3923898
BTC_JPY,2020-05-26T01:05:44.797,7800888,957525.0,958027.0,0.517,0.47249999,1701.27253815,2256.53228392,957835.0,123392.00679414,5758.3613868
BTC_JPY,2020-05-26T01:05:49.02,7800986,957546.0,958027.0,0.07821,0.47249999,1699.71466875,2256.50228392,957835.0,123390.59785958,5758.3213838
BTC_JPY,2020-05-26T01:05:54.17,7801105,957500.0,958126.0,1.90681,0.3958,1700.07933525,2256.47135394,957835.0,123383.28467958,5754.34516427
BTC_JPY,2020-05-26T01:05:59.64,7801239,957524.0,958139.0,0.05,0.1,1698.67949012,2245.87213394,957835.0,123390.2096912,5754.41516227
BTC_JPY,2020-05-26T01:06:04.413,7801389,957575.0,958203.0,0.1,0.44999999,1693.18669005,2243.50999394,957835.0,123405.03686554,5753.81516201
BTC_JPY,2020-05-26T01:06:09.66,7801552,957272.0,957512.0,0.28700199,0.2,1681.25208552,2244.65644381,957272.0,123423.00946368,5757.84626015
BTC_JPY,2020-05-26T01:06:13.91,7801715,956279.0,956932.0,0.05,0.5094,1691.16301143,2260.97440134,956625.0,123464.52456291,5756.54677757
BTC_JPY,2020-05-26T01:06:19.41,7801868,956009.0,956437.0,0.0743,0.5064,1685.87973191,2248.99320982,956453.0,123465.22642472,5755.43877657
BTC_JPY,2020-05-26T01:06:24.677,7801999,956021.0,956948.0,0.033999400000000006,0.28800000000000003,1683.58950321,2255.5732198,956424.0,123467.38306010001,5755.56877657
BTC_JPY,2020-05-26T01:06:29.21,7802103,956031.0,956423.0,0.15,0.2,1693.71342381,2248.72651993,956424.0,123472.45502926,5755.56877657
BTC_JPY,2020-05-26T01:06:35.09,7802153,956039.0,956884.0,0.033999400000000006,0.0660006,1693.36502321,2258.00752053,956423.0,123465.94813583,5755.43676357
BTC_JPY,2020-05-26T01:06:39.103,7802300,956518.0,957049.0,0.32,0.0660006,1694.48052258,2242.25402576,956422.0,123486.98606721,5755.62876357
BTC_JPY,2020-05-26T01:06:44.55,7802429,956519.0,957038.0,0.05,0.1,1691.32421663,2253.66352593,956422.0,123474.12009309,5753.81277056
BTC_JPY,2020-05-26T01:06:49.633,7802505,956441.0,956520.0,0.1,0.01,1691.66900676,2260.16437545,956422.0,123468.65596266,5752.77127057
BTC_JPY,2020-05-26T01:06:54.823,7802572,956442.0,956520.0,0.06,0.01,1683.21332676,2249.55637545,956422.0,123462.59171926,5751.79183877
BTC_JPY,2020-05-26T01:06:59.277,7802621,956444.0,956904.0,0.1,0.1,1692.70580676,2251.1784174000004,956520.0,123465.21070646,5751.42483877
BTC_JPY,2020-05-26T01:07:03.847,7802739,956457.0,957013.0,1.0,0.1,1683.8076307999993,2243.714134,956520.0,123462.67626951,5751.42483877
BTC_JPY,2020-05-26T01:07:09.283,7802871,956489.0,957036.0,0.5360994000000001,0.1,1695.57296321,2245.68785594,956520.0,123464.08166351,5751.42383877
BTC_JPY,2020-05-26T01:07:14.62,7803031,956529.0,957049.0,0.5860994,0.0660006,1695.20276334,2255.354418,956520.0,123457.96151507,5751.42383877
BTC_JPY,2020-05-26T01:07:19.8,7803164,956616.0,957049.0,1.0,0.0660006,1695.16494304,2244.53862654,956520.0,123458.05517138,5751.37283877
BTC_JPY,2020-05-26T01:07:24.557,7803262,956672.0,957049.0,1.0,0.046000599999999996,1696.29094364,2254.58987654,957049.0,123453.98303858,5749.33383777
BTC_JPY,2020-05-26T01:10:09.73,7806397,958047.0,958608.0,1.30000013,0.5626,1698.74769597,2250.92061024,958160.0,123488.47507814,5745.61186897
BTC_JPY,2020-05-26T01:10:14.43,7806491,958048.0,958585.0,0.05,0.07356,1698.87321597,2251.39653024,958160.0,123486.13643656,5744.52088628
BTC_JPY,2020-05-26T01:10:18.907,7806582,958048.0,958568.0,0.05,0.5126,1698.02121584,2253.17557011,958160.0,123483.46100179,5744.51988628
BTC_JPY,2020-05-26T01:10:24.237,7806704,958046.0,958569.0,0.47249999,0.07995401,1698.82704597,2251.48925337,958160.0,123484.49880179,5744.51888628
BTC_JPY,2020-05-26T01:10:28.887,7806798,958046.0,958528.0,0.47249999,0.2,1698.95914597,2254.02485337,958160.0,123481.18486191,5744.51888628
BTC_JPY,2020-05-26T01:10:34.633,7806925,958046.0,958499.0,0.47249999,0.05,1698.46772371,2253.91049798,958160.0,123480.56486191,5744.51888628
BTC_JPY,2020-05-26T01:10:39.787,7807046,958052.0,958622.0,0.1062,0.1,1698.22279371,2253.43364798,958160.0,123484.63638069,5744.36888628
BTC_JPY,2020-05-26T01:10:44.313,7807126,958060.0,958607.0,0.05,0.1,1698.39959371,2254.30182397,958160.0,123483.61638262,5744.36888628
BTC_JPY,2020-05-26T01:10:49.103,7807203,958066.0,958606.0,1.0,0.5126,1698.31959371,2255.04629397,958160.0,123471.60943771,5744.36888628
BTC_JPY,2020-05-26T01:10:54.67,7807307,958046.0,958583.0,0.47249999,0.1,1697.73757897,2253.77529398,958160.0,123472.95317587,5743.48252444
BTC_JPY,2020-05-26T01:10:59.6,7807422,958046.0,958451.0,0.17039461,0.5126,1696.69979373,2254.65024798,958160.0,123467.31202733,5743.17887829
BTC_JPY,2020-05-26T01:11:04.623,7807537,958046.0,958466.0,0.17039461,0.3968,1696.73267373,2254.04005337,958160.0,123467.49888797,5742.95887629
BTC_JPY,2020-05-26T01:11:09.1,7807649,957978.0,958612.0,0.00105,0.57605401,1696.58770899,2254.34774785,958160.0,123461.66943785,5736.97888429
BTC_JPY,2020-05-26T01:11:14.34,7807762,957978.0,958437.0,0.17144461,0.0728,1695.24652373,2257.58625337,958442.0,123456.92608391,5736.96895384
BTC_JPY,2020-05-26T01:11:19.38,7807882,958020.0,958604.0,0.5113,0.07577,1698.24593372,2254.36446398,958160.0,123443.5126935,5737.05995384
BTC_JPY,2020-05-26T01:11:24.77,7807932,958056.0,958603.0,0.5113,0.1,1698.43324372,2254.48869398,958031.0,123440.52701279,5737.07395384
BTC_JPY,2020-05-26T01:11:29.287,7807993,958076.0,958598.0,0.5113,0.07787999999999999,1698.76306372,2254.20017937,958031.0,123442.47437979,5737.07195384
BTC_JPY,2020-05-26T01:11:34.77,7808084,957978.0,958595.0,0.00105,0.5613,1696.64631911,2255.17467692,958031.0,123444.11833617,5737.06995084
BTC_JPY,2020-05-26T01:11:39.073,7808196,957978.0,958579.0,0.17146756,0.1,1696.59536668,2256.86449936,958031.0,123452.8048308,5737.06995084
BTC_JPY,2020-05-26T01:11:44.687,7808331,957989.0,958583.0,0.48,0.1,1697.5286790999994,2254.32161693,958031.0,123440.99427892,5736.58714784
BTC_JPY,2020-05-26T01:11:49.447,7808461,957990.0,958553.0,0.463,0.5092,1697.70941654,2256.19666094,957989.0,123419.17298755,5735.02876062
BTC_JPY,2020-05-26T01:11:54.67,7808574,957991.0,958534.0,0.2875,0.5092,1697.88780413,2256.21654094,957989.0,123399.6428544,5734.36805852
BTC_JPY,2020-05-26T01:11:59.983,7808669,957991.0,958508.0,0.3659,0.1,1698.02630413,2256.32547094,957989.0,123386.19713667,5734.36805852
BTC_JPY,2020-05-26T01:12:04.657,7808759,958002.0,958500.0,0.48,0.05,1698.44410413,2253.85515338,957989.0,123346.52179136,5733.90805552
BTC_JPY,2020-05-26T01:12:09.493,7808852,958016.0,958560.0,0.17032706,0.07995401,1698.77895616,2253.96001044,958540.0,123337.9201935,5733.45033442
BTC_JPY,2020-05-26T01:12:14.87,7808914,958030.0,958604.0,0.05,0.07964,1699.68895616,2254.0168663000004,958540.0,123327.37783133,5733.39032842
BTC_JPY,2020-05-26T01:12:19.013,7809006,958028.0,958615.0,0.48,0.2,1699.81895616,2253.48152643,958540.0,123316.06535329,5733.33132632
BTC_JPY,2020-05-26T01:12:24.61,7809142,958028.0,958615.0,0.5032,0.05,1699.80917616,2253.51962643,958540.0,123308.74058038,5733.33132632
BTC_JPY,2020-05-26T01:15:09.643,7813065,958703.0,959000.0,0.1631,0.10099999999999999,1702.23148785,2253.62637535,958836.0,123400.14268243,5720.42751878
BTC_JPY,2020-05-26T01:15:15.287,7813196,958680.0,959000.0,1.5390774,0.10099999999999999,1690.54881799,2254.45937522,958836.0,123388.53610459,5718.18891492
BTC_JPY,2020-05-26T01:15:19.79,7813269,958683.0,959000.0,1.4925454,0.10099999999999999,1702.03485151,2255.25937535,958836.0,123386.6471816,5717.95599193
BTC_JPY,2020-05-26T01:15:23.993,7813360,958588.0,958993.0,1.5947798999999998,0.07342,1692.23232589,2245.74146076,958683.0,123380.79687567,5716.62441265
BTC_JPY,2020-05-26T01:15:29.407,7813432,958600.0,958994.0,0.02,0.07653,1692.81032589,2245.83957076,958683.0,123373.51821327,5715.85494864
BTC_JPY,2020-05-26T01:15:33.487,7813479,958600.0,958994.0,0.02,0.07653,1700.22512589,2255.93957076,958683.0,123357.20549649,5711.15493864
BTC_JPY,2020-05-26T01:15:39.667,7813560,958600.0,959000.0,0.02,0.01753,1702.19335588,2257.40145087,959000.0,123349.21202865,5710.89737011
BTC_JPY,2020-05-26T01:15:44.43,7813643,958600.0,959000.0,0.02,0.01753,1702.20419961,2257.88360449,959000.0,123343.41498154,5710.80736111
BTC_JPY,2020-05-26T01:15:48.827,7813720,958601.0,959000.0,0.05,0.01753,1702.25419961,2258.94213449,959000.0,123318.26512894,5710.80736111
BTC_JPY,2020-05-26T01:15:55.19,7813786,958604.0,959108.0,0.17018362,0.02495352,1702.12149961,2257.26343801,959000.0,123308.85293597,5710.62896792
BTC_JPY,2020-05-26T01:15:59.44,7813839,958604.0,959108.0,0.17018362,0.02495352,1702.23743961,2256.38031801,959000.0,123302.035679,5710.62896792
BTC_JPY,2020-05-26T01:16:04.18,7813921,958604.0,959109.0,0.17018362,0.006,1701.75593962,2255.80168449,959108.0,123300.29142618,5710.63096792
BTC_JPY,2020-05-26T01:16:08.977,7814010,958604.0,959109.0,0.17018362,0.006,1701.68309962,2255.78231449,959108.0,123293.82059823,5710.63096792
BTC_JPY,2020-05-26T01:16:14.433,7814136,958608.0,959109.0,0.05,0.006,1701.54994962,2256.22384449,959108.0,123290.85548469,5710.56806393
BTC_JPY,2020-05-26T01:16:20.06,7814258,958589.0,959109.0,0.05,0.006,1701.36020638,2257.87095761,958588.0,123296.04548469,5711.06706393
BTC_JPY,2020-05-26T01:16:23.863,7814327,958585.0,959109.0,1.0,0.006,1700.49347477,2259.8468575999996,958588.0,123296.83748469,5711.56706393
BTC_JPY,2020-05-26T01:16:29.43,7814459,958585.0,959089.0,0.5,0.4856,1700.02586478,2259.96901112,958585.0,123286.07658775,5712.05806393
BTC_JPY,2020-05-26T01:16:34.78,7814619,957906.0,958567.0,0.19,0.1,1683.60975288,2262.583658,958203.0,123291.03099117,5712.53207092
BTC_JPY,2020-05-26T01:16:38.933,7814731,957906.0,958548.0,0.05,0.4904,1685.38355818,2252.25808952,958203.0,123296.09958276,5708.43095718
BTC_JPY,2020-05-26T01:16:44.947,7814960,958136.0,958907.0,0.0778,0.29100000000000004,1699.30283341,2258.84585152,958679.0,123308.24956092,5708.95135668
BTC_JPY,2020-05-26T01:16:49.127,7815080,958405.0,959071.0,0.88960013,0.05,1698.76366407,2261.39942504,958138.0,123310.72404991,5708.89185668
BTC_JPY,2020-05-26T01:16:54.13,7815198,958285.0,959054.0,0.47249999,0.07748,1699.67302267,2251.09399491,958405.0,123311.09471223,5709.14740668
BTC_JPY,2020-05-26T01:17:00.227,7815320,958305.0,959068.0,0.1,0.05,1700.06267427,2261.19354351,958405.0,123292.21052923,5708.55791393
BTC_JPY,2020-05-26T01:17:04.507,7815388,958303.0,959069.0,0.05,0.4901,1700.00804378,2259.92539364,958405.0,123278.16901374,5706.73138694
BTC_JPY,2020-05-26T01:17:09.91,7815465,958303.0,959053.0,0.05,0.15,1700.18887378,2261.07344364,958405.0,123273.39791374,5706.73038694
BTC_JPY,2020-05-26T01:17:15.123,7815564,958288.0,958983.0,0.05,0.1,1690.74556541,2260.22156479,958286.0,123274.91125133,5707.43038694
BTC_JPY,2020-05-26T01:17:19.233,7815664,958156.0,958988.0,0.07343,0.483,1691.19999542,2260.26161128,958286.0,123274.03725133,5707.92938694
BTC_JPY,2020-05-26T01:17:24.427,7815792,958194.0,958970.0,0.08051,0.483,1701.59137061,2259.83671129,958286.0,123269.46573406,5707.92938694
BTC_JPY,2020-05-26T01:20:09.52,7819806,958150.0,959053.0,0.02,0.4,1690.34449601,2259.91556842,958336.0,123384.58123246,5710.33080078
BTC_JPY,2020-05-26T01:20:14.7,7820002,958507.0,959159.0,0.63539247,0.1,1692.6517657000006,2255.29340796,958336.0,123402.99461345,5710.08080078
BTC_JPY,2020-05-26T01:20:19.913,7820138,958367.0,959129.0,0.25,0.1,1694.16847476,2260.30902809,958336.0,123405.36996375,5710.08080078
BTC_JPY,2020-05-26T01:20:23.937,7820197,958366.0,959108.0,0.4693,0.07617,1694.47876606,2261.17309808,958336.0,123404.47441169,5710.00980078
BTC_JPY,2020-05-26T01:20:29.283,7820302,958221.0,959079.0,0.4693,0.1,1695.13723856,2261.15352641,958336.0,123407.9274913,5709.81988039
BTC_JPY,2020-05-26T01:20:34.223,7820426,958155.0,958893.0,0.15,0.4,1684.44803856,2261.53986375,958336.0,123409.20396395,5709.81768039
BTC_JPY,2020-05-26T01:20:39.543,7820540,958150.0,958676.0,0.02,0.4693,1692.48187856,2259.37566376,958336.0,123417.05296355,5709.70267999
BTC_JPY,2020-05-26T01:20:44.307,7820681,957715.0,958079.0,0.0135,0.1,1680.56443856,2263.75496375,957984.0,123427.57653324,5709.93567999
BTC_JPY,2020-05-26T01:20:49.653,7820768,957724.0,958080.0,0.07708999999999999,0.1,1692.07190746,2249.53252654,957984.0,123433.05392165,5709.93567999
BTC_JPY,2020-05-26T01:20:53.89,7820834,957724.0,958594.0,1.5453146999999998,0.4649,1691.77199061,2244.88642654,958081.0,123439.96026969,5711.02567999
BTC_JPY,2020-05-26T01:20:59.223,7820984,957748.0,958595.0,0.07322000000000001,0.08058,1684.11190067,2261.56298905,958081.0,123445.45303384,5711.02567999
BTC_JPY,2020-05-26T01:21:04.287,7821119,957764.0,958594.0,1.599368,0.07389,1685.37713384,2247.72979905,958081.0,123440.23758747,5710.93067999
BTC_JPY,2020-05-26T01:21:09.967,7821279,957750.0,958345.0,0.3275,0.306,1694.92604747,2258.8638265,957720.0,123443.71830669,5711.71067999
BTC_JPY,2020-05-26T01:21:14.627,7821419,957760.0,958569.0,0.1,0.15,1693.49039455,2256.25037323,957720.0,123445.15959244,5711.71067999
BTC_JPY,2020-05-26T01:21:19.7,7821577,957798.0,958581.0,0.011,0.4727,1692.63695165,2260.3703827,957798.0,123452.12500237,5711.77067999
BTC_JPY,2020-05-26T01:21:24.31,7821650,957794.0,958555.0,0.03,0.4727,1683.34181412,2259.60200271,957798.0,123446.62221195,5711.77067999
BTC_JPY,2020-05-26T01:21:31.013,7821810,957721.0,958200.0,0.05,0.05,1690.38724399,2254.57068077,957720.0,123403.24813866,5709.57964586
BTC_JPY,2020-05-26T01:21:34.947,7821937,957730.0,958200.0,0.4694,0.05,1691.94605582,2252.90128078,957720.0,123398.88028369,5709.37377505
BTC_JPY,2020-05-26T01:21:39.45,7822051,957741.0,958200.0,0.15,0.05,1691.49046335,2242.72720325,957740.0,123393.98776625,5709.38976865
BTC_JPY,2020-05-26T01:21:44.453,7822151,957755.0,958200.0,0.23609247,0.05,1692.02895582,2243.40470326,957740.0,123391.50394992,5709.37931165
BTC_JPY,2020-05-26T01:21:49.183,7822237,957764.0,958200.0,0.15,0.05,1692.66335967,2253.3567597,957740.0,123381.64850397,5708.95731165
BTC_JPY,2020-05-26T01:21:54.28,7822356,957769.0,958200.0,0.4663,0.05,1693.7143298,2252.1078697,957740.0,123382.89562706,5708.95731165
BTC_JPY,2020-05-26T01:21:59.47,7822516,957716.0,958193.0,0.23,0.07539,1681.8165798,2251.13215971,957772.0,123389.41763737,5709.50731165
BTC_JPY,2020-05-26T01:22:04.503,7822664,957727.0,958200.0,0.60299247,0.05,1683.64331227,2251.27786402,957772.0,123382.60106326,5709.00731165
BTC_JPY,2020-05-26T01:22:09.68,7822795,957738.0,958188.0,0.05,0.1,1693.13647657,2253.75982388,957772.0,123385.18119909,5709.00731165
BTC_JPY,2020-05-26T01:22:14.853,7822925,957746.0,958200.0,0.20769247,0.05,1694.36385657,2252.94401655,957744.0,123391.7368427,5708.41731165
BTC_JPY,2020-05-26T01:22:19.187,7823036,957754.0,958200.0,0.02,0.05,1694.90146908,2254.38426899,957744.0,123387.5390677,5708.41631165
BTC_JPY,2020-05-26T01:22:24.047,7823096,957726.0,958200.0,0.05,0.05,1694.91935155,2253.71836899,957725.0,123388.30801289,5708.58071165
BTC_JPY,2020-05-26T01:25:08.957,7826531,958645.0,959152.0,0.2,0.4727,1691.44298071,2260.13415124,958970.0,123322.93152158,5709.5645859999995
BTC_JPY,2020-05-26T01:25:14.597,7826593,958649.0,959002.0,0.2,0.1,1694.50508071,2259.83415124,959013.0,123320.28752158,5709.574586
BTC_JPY,2020-05-26T01:25:19.583,7826654,958650.0,958981.0,0.2,0.08007,1694.95826308,2259.54351361,959013.0,123323.37452158,5709.556586
BTC_JPY,2020-05-26T01:25:24.983,7826746,958656.0,959018.0,0.4727,0.2,1692.37286295,2259.9134436,959013.0,123319.90127162,5709.526486
BTC_JPY,2020-05-26T01:25:29.143,7826805,958664.0,958986.0,0.4727,0.07597999999999999,1694.43289392,2260.1894236,959013.0,123318.70700347,5709.496486
BTC_JPY,2020-05-26T01:25:34.803,7826955,958996.0,959253.0,0.4666,0.11,1686.33920043,2247.84937343,958995.0,123326.86262393,5709.89948799
BTC_JPY,2020-05-26T01:25:39.443,7827030,959006.0,959253.0,0.4225,0.09,1695.88490044,2257.14810751,959253.0,123334.36763696,5708.91948799
BTC_JPY,2020-05-26T01:25:44.37,7827091,959053.0,959253.0,0.4061,0.08,1696.02832044,2255.14464751,959253.0,123334.33263696,5708.92948799
BTC_JPY,2020-05-26T01:25:49.187,7827158,959062.0,959253.0,0.15,0.08,1696.33610344,2255.08374751,959253.0,123335.99302512,5708.92748799
BTC_JPY,2020-05-26T01:25:53.957,7827211,959067.0,959253.0,0.4059,0.06,1696.10456875,2256.43370187,959253.0,123336.23660752,5708.84548799
BTC_JPY,2020-05-26T01:25:59.087,7827271,959301.0,959380.0,0.05,0.11,1694.19822135,2256.29863187,959253.0,123334.72888821,5708.89248799
BTC_JPY,2020-05-26T01:26:04.793,7827369,959056.0,959379.0,0.15,0.4603,1693.42978604,2254.87531187,959300.0,123333.58396852,5708.97948799
BTC_JPY,2020-05-26T01:26:09.333,7827464,959253.0,959380.0,0.10313781,0.11,1693.1349707000006,2258.0430234,959253.0,123340.57563329999,5709.15435018
BTC_JPY,2020-05-26T01:26:14.653,7827528,959253.0,959380.0,0.10313781,0.06728300000000001,1693.3547207000001,2255.23412653,959380.0,123340.83684019999,5707.70038138
BTC_JPY,2020-05-26T01:26:19.093,7827592,959255.0,959380.0,0.21,0.06728300000000001,1695.81840083,2247.92610955,959380.0,123340.24414124,5705.4708419
BTC_JPY,2020-05-26T01:26:24.153,7827647,959259.0,959380.0,0.15,0.06728300000000001,1695.79878665,2256.71129236,959380.0,123333.18795246,5698.60556618
BTC_JPY,2020-05-26T01:26:29.313,7827696,959264.0,959380.0,0.1,0.007282999999999999,1695.30138665,2256.23204236,959380.0,123332.37215254,5698.32055718
BTC_JPY,2020-05-26T01:26:34.65,7827742,959273.0,959380.0,0.15,0.007282999999999999,1695.39138665,2256.15129236,959380.0,123326.83235254,5696.31075718
BTC_JPY,2020-05-26T01:26:39.297,7827821,959277.0,959380.0,0.30000013,0.007282999999999999,1695.07727665,2255.52560956,959380.0,123329.26903752,5695.86045718
BTC_JPY,2020-05-26T01:26:44.243,7827888,959279.0,959380.0,0.05,0.007282999999999999,1693.36517385,2256.16638236,959380.0,123327.50976300001,5693.55625518
BTC_JPY,2020-05-26T01:26:49.157,7827960,959259.0,959597.0,0.05,0.07934,1695.72997665,2257.16814936,959380.0,123330.02591142,5693.48871959
BTC_JPY,2020-05-26T01:26:54.87,7828063,959261.0,959602.0,0.4546,0.1,1694.90085665,2257.17410936,959380.0,123332.20786249,5693.16021959
BTC_JPY,2020-05-26T01:26:59.827,7828147,959272.0,959602.0,0.1,0.1,1695.14677665,2256.82440936,959380.0,123332.63030218,5693.14821959
BTC_JPY,2020-05-26T01:27:03.96,7828228,959277.0,959602.0,0.5546,0.1,1695.58444665,2256.60443923,959380.0,123331.27966534,5693.14721959
BTC_JPY,2020-05-26T01:27:08.97,7828324,959287.0,959602.0,0.1,0.1,1684.88556652,2257.92100937,959380.0,123337.45466534,5692.94421959
BTC_JPY,2020-05-26T01:27:14.473,7828436,959299.0,959602.0,0.2,0.1,1695.57824665,2257.37100937,959380.0,123338.50166534,5692.94221959
BTC_JPY,2020-05-26T01:27:19.347,7828486,959381.0,959602.0,0.1,0.1,1697.16435665,2256.49437937,959380.0,123338.11970532,5692.82025957
BTC_JPY,2020-05-26T01:27:24.773,7828513,959382.0,959602.0,0.05,0.1,1697.28890665,2254.62100937,959380.0,123338.06569801,5691.80625226
BTC_JPY,2020-05-26T01:30:09.91,7831568,959667.0,959999.0,0.1,0.2,1690.31633673,2250.34682197,959666.0,123308.35674958,5720.64633277
BTC_JPY,2020-05-26T01:30:15.023,7831674,959666.0,959982.0,0.76524986,0.31,1676.52760962,2251.71562197,959666.0,123310.38088946,5721.13108199
BTC_JPY,2020-05-26T01:30:19.273,7831822,959089.0,959584.0,0.32,0.08005,1689.17860109,2243.57515291,959047.0,123311.8847867,5721.65291555
BTC_JPY,2020-05-26T01:30:24.23,7831968,958802.0,959567.0,0.1,0.31,1678.80392624,2254.36678806,958915.0,123316.47684324,5721.49334515
BTC_JPY,2020-05-26T01:30:29.307,7832087,958630.0,959549.0,0.1809,0.5696,1688.46766624,2255.07838806,958624.0,123314.65438894,5721.85234115
BTC_JPY,2020-05-26T01:30:34.64,7832223,958637.0,959408.0,0.5263,0.30000013,1688.12195791,2254.41083973,958624.0,123307.03723111,5721.67725554
BTC_JPY,2020-05-26T01:30:39.127,7832328,958625.0,959374.0,0.5264,0.5696,1687.90649924,2255.05879973,958624.0,123303.13846316,5720.58643758
BTC_JPY,2020-05-26T01:30:43.947,7832445,958632.0,959351.0,0.5696,0.07278,1687.80997791,2254.68361973,958624.0,123305.4711579,5719.06115554
BTC_JPY,2020-05-26T01:30:49.37,7832557,958642.0,959338.0,0.2,0.1,1689.10334778,2252.93836106,958624.0,123305.1451772,5718.17914754
BTC_JPY,2020-05-26T01:30:54.69,7832666,958756.0,959335.0,0.1,0.2,1688.46497791,2252.89106973,958624.0,123302.60876865,5718.11314754
BTC_JPY,2020-05-26T01:30:59.157,7832744,958755.0,959335.0,0.5696,0.2,1688.24872791,2253.74006973,958624.0,123300.31676865,5718.11214754
BTC_JPY,2020-05-26T01:31:04.893,7832846,958807.0,959328.0,0.2,0.05,1688.33277791,2254.02425973,958796.0,123293.74065127,5718.33014754
BTC_JPY,2020-05-26T01:31:09.17,7832946,958840.0,959471.0,0.5647,0.04390013,1689.67007791,2252.52646119,959471.0,123290.47669865,5719.32814754
BTC_JPY,2020-05-26T01:31:14.017,7833024,958877.0,959466.0,0.5611,0.25,1689.27532759,2252.97741941,958845.0,123262.20721051,5717.39255468
BTC_JPY,2020-05-26T01:31:20.04,7833165,958978.0,959456.0,0.07736,0.5598,1688.29609937,2255.38396119,958972.0,123260.83408241,5717.95154468
BTC_JPY,2020-05-26T01:31:24.76,7833279,958796.0,959447.0,0.33,0.5598,1687.19209913,2254.61857794,958972.0,123265.01798757,5717.92954468
BTC_JPY,2020-05-26T01:31:29.58,7833394,958796.0,959294.0,0.23,0.7563,1688.21342613,2254.39320794,958796.0,123266.81933917,5718.02854468
BTC_JPY,2020-05-26T01:31:34.71,7833495,958796.0,959282.0,0.23,0.15,1678.13431613,2244.80697794,958796.0,123272.46365608,5717.93684468
BTC_JPY,2020-05-26T01:31:39.32,7833610,958700.0,959026.0,0.33,0.5596,1687.44535152,2254.53542623,958700.0,123275.38098475,5718.93484468
BTC_JPY,2020-05-26T01:31:44.67,7833699,958700.0,959017.0,0.33,0.15,1687.38926152,2254.33510623,959018.0,123269.64668323,5718.94484468
BTC_JPY,2020-05-26T01:31:49.993,7833815,958442.0,959004.0,0.08098999999999999,0.5565,1690.4575515,2260.27162623,958438.0,123267.48468323,5719.44384468
BTC_JPY,2020-05-26T01:31:53.933,7833892,958437.0,958995.0,0.03098999,0.6554,1691.92759805,2262.39427278,958437.0,123261.58267637,5719.75184468
BTC_JPY,2020-05-26T01:31:59.233,7834025,958369.0,958928.0,0.09897,0.5554,1691.27964635,2262.65051278,958437.0,123261.52329738,5719.75183236
BTC_JPY,2020-05-26T01:32:03.933,7834134,958369.0,958769.0,0.09897,0.6554,1692.86748992,2262.67327278,958437.0,123260.32934579,5719.69593087
BTC_JPY,2020-05-26T01:32:09.46,7834248,958396.0,958775.0,0.2,0.32,1692.01455992,2262.34696106,958437.0,123261.88815875,5719.10599316
BTC_JPY,2020-05-26T01:32:14.927,7834378,958380.0,958917.0,0.01,0.1,1693.17205973,2262.33296278,958438.0,123263.0354043,5719.09799316
BTC_JPY,2020-05-26T01:32:19.803,7834482,958398.0,958909.0,0.5554,0.15,1693.24862973,2262.52396278,958438.0,123263.49108401,5719.09799316
BTC_JPY,2020-05-26T01:32:24.963,7834585,958396.0,958902.0,0.07943,0.2,1693.1914895999994,2261.95589278,958438.0,123272.61704554,5718.96496545
BTC_JPY,2020-05-26T01:35:09.823,7838086,958323.0,959184.0,0.0843,0.3456,1693.04297763,2260.20914241,959052.0,123160.11428628,5692.60031722
BTC_JPY,2020-05-26T01:35:14.163,7838199,958323.0,959135.0,0.5629,0.345,1693.16774763,2259.96942109,959052.0,123158.31248674,5692.10031722
BTC_JPY,2020-05-26T01:35:19.073,7838311,958320.0,959080.0,0.5329,0.4763,1693.79925899,2259.53882377,958320.0,123154.80132776,5692.13031722
BTC_JPY,2020-05-26T01:35:24.62,7838400,958320.0,959032.0,0.5329,0.4769,1693.74079631,2259.51674377,958320.0,123149.3096589,5692.13031722
BTC_JPY,2020-05-26T01:35:29.073,7838503,958326.0,959013.0,0.5629,0.15,1693.81060158,2258.51692109,958325.0,123148.57581834,5692.14031722
BTC_JPY,2020-05-26T01:35:34.753,7838704,958948.0,959390.0,0.5785,1.1,1687.40926182,2252.8246866,959276.0,123154.46811798,5693.90719709
BTC_JPY,2020-05-26T01:35:39.203,7838843,958947.0,959364.0,1.05,0.1,1694.92872183,2248.0257665999998,959276.0,123157.75707572,5693.90719709
BTC_JPY,2020-05-26T01:35:44.363,7838977,958947.0,959325.0,0.030001999999999997,0.1,1694.86837382,2260.7254866,958947.0,123157.69088986,5694.91519509
BTC_JPY,2020-05-26T01:35:49.7,7839079,958947.0,959441.0,0.030001999999999997,0.30000013,1695.38763382,2259.5907266,958947.0,123154.30181271,5694.91519509
BTC_JPY,2020-05-26T01:35:53.823,7839146,958947.0,959405.0,0.030001999999999997,0.1,1695.35146382,2260.4914866,958947.0,123152.94383083,5694.91519509
BTC_JPY,2020-05-26T01:35:59.183,7839275,958947.0,959363.0,0.030001999999999997,0.4711,1690.51766832,2258.6005866,958947.0,123147.02045516,5694.91519509
BTC_JPY,2020-05-26T01:36:04.5,7839392,958947.0,959311.0,0.130002,0.6368,1691.34442221,2259.52931498,958947.0,123148.90220057,5694.90418778
BTC_JPY,2020-05-26T01:36:08.867,7839516,958435.0,959201.0,0.32,0.633,1689.53576633,2250.02844498,958947.0,123160.10130257,5695.03418978
BTC_JPY,2020-05-26T01:36:14.417,7839644,958209.0,959140.0,0.2322,0.1,1694.07226631,2262.59122498,958947.0,123168.18670101,5694.93418978
BTC_JPY,2020-05-26T01:36:20.17,7839793,958236.0,959090.0,0.0843,0.1,1695.36588017,2260.73658485,958947.0,123167.64198872,5694.93418978
BTC_JPY,2020-05-26T01:36:23.863,7839903,958571.0,959087.0,0.07363,0.05,1693.94461003,2243.74404498,958947.0,123162.66746981,5694.93418978
BTC_JPY,2020-05-26T01:36:29.883,7840052,958589.0,959375.0,0.583,0.05,1696.20288016,2257.28571498,958947.0,123152.82354235,5693.70135621
BTC_JPY,2020-05-26T01:36:33.683,7840150,958668.0,959369.0,0.32,0.5529999999999999,1696.56278016,2258.70418498,958947.0,123132.47783238,5693.67835421
BTC_JPY,2020-05-26T01:36:39.883,7840257,958675.0,959403.0,0.07169,0.633,1696.11747016,2257.86758498,958947.0,123118.07208578,5693.02215633
BTC_JPY,2020-05-26T01:36:44.26,7840307,959001.0,959377.0,0.0843,0.05,1694.81259316,2257.52258498,958947.0,123112.03122324,5693.02115633
BTC_JPY,2020-05-26T01:36:48.827,7840380,959000.0,959349.0,0.752644,0.5748,1695.73491464,2260.38833557,959000.0,123106.74420272,5693.20115533
BTC_JPY,2020-05-26T01:36:54.697,7840501,959000.0,959289.0,0.6526489999999999,0.05,1695.25583975,2260.47710557,959000.0,123099.7440766,5693.30115033
BTC_JPY,2020-05-26T01:36:59.227,7840562,959000.0,959278.0,0.682656,0.2,1693.27469675,2260.02953557,959000.0,123094.34174106,5693.37114333
BTC_JPY,2020-05-26T01:37:04.227,7840652,958505.0,959231.0,0.07472000000000001,0.5769,1696.96299075,2260.83260557,958652.0,123096.68348422,5694.07260233
BTC_JPY,2020-05-26T01:37:09.69,7840777,958415.0,959177.0,0.07701000000000001,0.25,1686.30200572,2261.54314041,958409.0,123097.98473819,5694.57260233
BTC_JPY,2020-05-26T01:37:14.007,7840864,958415.0,959136.0,0.07701000000000001,0.05,1696.88900572,2261.61512054,959000.0,123096.62413819,5694.53250233
BTC_JPY,2020-05-26T01:37:19.13,7840983,958311.0,959093.0,0.44999999,0.306,1693.91845632,2261.05103557,959000.0,123092.05390954,5694.53250233
BTC_JPY,2020-05-26T01:37:24.41,7841126,958319.0,959000.0,0.05,0.004,1695.56907066,2260.38539557,959000.0,123092.33290954,5694.53250233
BTC_JPY,2020-05-26T01:40:09.783,7844912,958766.0,959606.0,0.07214,0.5685,1697.03405179,2250.20925276,959622.0,123110.42229666,5708.77365093
BTC_JPY,2020-05-26T01:40:14.697,7844960,958766.0,959599.0,0.07214,0.5685,1697.03405179,2250.16925276,959622.0,123106.75598677,5708.77365093
BTC_JPY,2020-05-26T01:40:19.707,7845035,958766.0,959477.0,0.07214,0.6185,1688.62483031,2249.28692276,959622.0,123098.34865961,5708.75265093
BTC_JPY,2020-05-26T01:40:24.553,7845176,958548.0,959193.0,0.11453,0.05,1682.39457547,2251.81474524,959622.0,123110.09141249,5708.55265093
BTC_JPY,2020-05-26T01:40:29.747,7845304,958585.0,959090.0,0.3389,0.1,1693.04970231,2251.88762096,959193.0,123115.00298966,5708.56265093
BTC_JPY,2020-05-26T01:40:34.427,7845413,958605.0,959191.0,0.07967,0.16,1694.2868623,2252.83834477,959191.0,123117.57690816,5708.59164362
BTC_JPY,2020-05-26T01:40:39.793,7845552,958628.0,959188.0,0.3974,0.15,1695.72236525,2252.25185512,959191.0,123119.02608736,5708.59164362
BTC_JPY,2020-05-26T01:40:44.133,7845675,958639.0,959181.0,1.5161467,0.05,1683.03355115,2252.80047512,959191.0,123120.64352692,5708.59164362
BTC_JPY,2020-05-26T01:40:50.057,7845793,958653.0,959172.0,0.4258,0.15,1691.04608623,2252.79393512,959191.0,123121.81372609,5708.59164362
BTC_JPY,2020-05-26T01:40:54.527,7845858,958647.0,959178.0,1.4807152,0.05,1693.49976636,2252.96683512,959191.0,123121.49086748,5708.49358514
BTC_JPY,2020-05-26T01:40:59.477,7845959,958654.0,959194.0,0.4142,0.03,1695.22396636,2252.19683512,959191.0,123120.90082104,5708.48758514
BTC_JPY,2020-05-26T01:41:04.007,7846029,958674.0,959194.0,0.5685,0.03,1693.58826636,2252.12718512,959191.0,123119.99890248,5708.48758514
BTC_JPY,2020-05-26T01:41:09.443,7846089,958647.0,959191.0,1.4807152,0.15,1695.25087491,2252.57009512,959194.0,123075.26098038,5706.91787301
BTC_JPY,2020-05-26T01:41:15.157,7846176,958652.0,959188.0,0.07439,0.15,1691.64290418,2252.33440495,959192.0,123067.28101479,5706.92687301
BTC_JPY,2020-05-26T01:41:18.72,7846250,958648.0,959183.0,0.5685,0.1,1692.73701418,2252.05423495,959192.0,123054.09888963,5702.83647301
BTC_JPY,2020-05-26T01:41:24.15,7846334,958650.0,959178.0,0.5685,0.2,1692.76022804,2252.22626495,959192.0,123040.75638295,5702.78647301
BTC_JPY,2020-05-26T01:41:29.443,7846452,958647.0,959168.0,1.4807152,0.5623,1695.08119427,2252.81357884,958654.0,123031.62032269,5702.73266763
BTC_JPY,2020-05-26T01:41:34.887,7846585,958308.0,959146.0,0.0775,0.6333,1694.2675257,2252.75926884,958277.0,123026.2012273,5704.56786625
BTC_JPY,2020-05-26T01:41:39.257,7846694,958647.0,959146.0,2.0,0.30000013,1692.73989888,2252.71446884,958319.0,123023.91250634,5704.57685825
BTC_JPY,2020-05-26T01:41:44.663,7846753,958648.0,959141.0,0.1,0.2,1695.11095951,2252.74715875,958319.0,123017.70338614,5704.47184666
BTC_JPY,2020-05-26T01:41:49.707,7846910,958721.0,959608.0,0.1,0.2,1684.47714233,2251.334574,959191.0,123028.85867204,5704.33784833
BTC_JPY,2020-05-26T01:41:54.537,7847008,958774.0,959608.0,0.1,0.2,1686.39714233,2254.091584,959191.0,123023.58552519,5703.91038665
BTC_JPY,2020-05-26T01:41:59.333,7847142,958922.0,959298.0,0.1,0.6229,1695.24932347,2256.10779512,959191.0,123022.55392518,5703.71038665
BTC_JPY,2020-05-26T01:42:04.377,7847283,958396.0,958974.0,0.18,0.5805,1682.82715137,2255.42169305,958921.0,123029.79499255,5705.81038665
BTC_JPY,2020-05-26T01:42:09.513,7847411,958922.0,959118.0,0.05001,0.32,1683.40433687,2255.35348305,958922.0,123030.59226461,5707.58491267
BTC_JPY,2020-05-26T01:42:14.017,7847558,958421.0,959109.0,0.5837,0.1,1693.02449136,2255.14048305,958212.0,123032.79426585,5711.24608267
BTC_JPY,2020-05-26T01:42:19.263,7847666,958921.0,959117.0,1.13701,0.30000013,1692.83200135,2255.21012109,958921.0,123001.78570925,5710.21026678
BTC_JPY,2020-05-26T01:42:24.497,7847751,958921.0,959279.0,1.08702,0.30000013,1694.42451135,2255.77068304,958921.0,122995.92890337,5710.26025678
BTC_JPY,2020-05-26T01:45:09.167,7851644,957857.0,958149.0,0.1,0.55,1698.05949901,2264.41978935,957857.0,123013.41311611,5703.96053331
BTC_JPY,2020-05-26T01:45:14.847,7851788,957857.0,958154.0,0.1,0.1429,1695.20251453,2264.82554825,957857.0,123014.32298782,5703.96053331
BTC_JPY,2020-05-26T01:45:19.107,7851927,958218.0,958770.0,0.15,1.0,1687.89561155,2251.38631638,958493.0,123041.5718878,5704.11343329
BTC_JPY,2020-05-26T01:45:23.917,7852049,958370.0,958770.0,0.578,1.0,1695.48249736,2251.69521651,958493.0,123055.71269955,5703.93243279
BTC_JPY,2020-05-26T01:45:29.3,7852119,958298.0,958769.0,0.32,0.1,1687.22870573,2263.3187565000007,958493.0,123058.38501209,5703.36243179
BTC_JPY,2020-05-26T01:45:33.893,7852160,958299.0,958769.0,0.578,0.1,1697.60639966,2263.31314218,958493.0,123057.10808505,5703.36243179
BTC_JPY,2020-05-26T01:45:39.503,7852201,958299.0,958768.0,0.578,0.2129,1697.27307966,2263.72766825,958493.0,123060.65302661,5703.36243179
BTC_JPY,2020-05-26T01:45:44.533,7852326,958174.0,958766.0,0.0777,0.1,1696.54498966,2263.68078218,958493.0,123057.90767757,5703.35873429
BTC_JPY,2020-05-26T01:45:49.483,7852418,958167.0,958801.0,0.32,0.578,1695.76328966,2262.66804218,958493.0,123054.01945406,5703.33873429
BTC_JPY,2020-05-26T01:45:54.68,7852526,958169.0,958801.0,0.1,0.547,1693.86448966,2261.11363218,958493.0,123049.82819504,5701.91077735
BTC_JPY,2020-05-26T01:45:59.497,7852623,958171.0,958801.0,0.3295,0.578,1692.60398966,2257.79163218,958493.0,123048.41719504,5701.88977735
BTC_JPY,2020-05-26T01:46:04.707,7852692,958493.0,958801.0,0.004,0.578,1695.33246966,2261.78663218,958493.0,123040.72656849,5697.47977934
BTC_JPY,2020-05-26T01:46:09.99,7852786,958283.0,958798.0,0.3183,0.578,1695.54178953,2262.16021825,958252.0,123038.38027401,5697.50477934
BTC_JPY,2020-05-26T01:46:14.007,7852855,958170.0,958802.0,0.3619,0.1,1695.37542609,2262.16053861,958288.0,123037.67527401,5697.51977934
BTC_JPY,2020-05-26T01:46:20.493,7852983,958306.0,958799.0,0.1,0.578,1695.3300261,2262.77224861,958288.0,123031.98427401,5697.12377934
BTC_JPY,2020-05-26T01:46:24.613,7853060,958169.0,958802.0,0.0779,0.1,1695.22292608,2248.96670862,958288.0,123032.40227401,5697.12377934
BTC_JPY,2020-05-26T01:46:29.76,7853163,958365.0,958801.0,0.1,0.578,1692.58502608,2263.34870862,958288.0,123018.88618587,5693.39606703
BTC_JPY,2020-05-26T01:46:34.977,7853216,958365.0,958801.0,0.1,0.578,1695.32439608,2264.20683862,958288.0,123005.9704577,5692.93606703
BTC_JPY,2020-05-26T01:46:39.11,7853271,958364.0,958801.0,0.32,0.578,1696.31502608,2264.28527862,958288.0,123001.71431463,5692.48606703
BTC_JPY,2020-05-26T01:46:44.303,7853328,958364.0,958799.0,0.32,0.578,1693.74265608,2264.08960862,958288.0,122994.11673169,5692.48606703
BTC_JPY,2020-05-26T01:46:49.653,7853352,958365.0,958801.0,0.1,0.578,1696.12555608,2264.01183862,958288.0,122993.24373169,5692.48606703
BTC_JPY,2020-05-26T01:46:54.027,7853408,958365.0,958801.0,0.30000013,0.578,1695.90468608,2263.44560862,958288.0,122992.70439184,5692.48606703
BTC_JPY,2020-05-26T01:46:58.84,7853463,958366.0,958801.0,0.1,0.578,1693.99074608,2264.54353861,958288.0,122992.65559522,5692.48606703
BTC_JPY,2020-05-26T01:47:04.357,7853518,958367.0,958802.0,0.05,0.1,1693.96702608,2263.14119825,958288.0,122991.02953441,5692.24606703
BTC_JPY,2020-05-26T01:47:09.28,7853638,958380.0,958802.0,0.05,0.1,1694.41302608,2246.12313848,958288.0,122995.33645710001,5692.24606703
BTC_JPY,2020-05-26T01:47:14.143,7853749,958403.0,958802.0,0.07162,0.1,1695.45664608,2259.39672848,958288.0,122965.90970235,5692.24606703
BTC_JPY,2020-05-26T01:47:19.367,7853842,958365.0,958784.0,0.1,0.578,1696.60052608,2263.45945861,958288.0,122970.90690235,5692.24606703
BTC_JPY,2020-05-26T01:47:24.213,7853911,958290.0,958785.0,0.05,0.1,1694.09332609,2263.24413861,958288.0,122967.50096347,5692.23606703
BTC_JPY,2020-05-26T01:50:08.947,7857217,958600.0,958802.0,0.30000013,0.1,1697.03016609,2260.81444323,958599.0,122849.92774075,5679.52572729
BTC_JPY,2020-05-26T01:50:14.06,7857237,958600.0,958802.0,0.30000013,0.1,1697.49426609,2260.74088323,958599.0,122839.63562623,5679.46572729
BTC_JPY,2020-05-26T01:50:19.293,7857345,958862.0,959160.0,0.5585,2.0,1687.82403609,2255.76608323,958802.0,122840.60740634,5676.65572729
BTC_JPY,2020-05-26T01:50:24.523,7857420,958835.0,959159.0,0.05,0.1,1697.51003609,2258.60592336,958832.0,122845.29897106,5677.66472729
BTC_JPY,2020-05-26T01:50:29.73,7857474,958836.0,959159.0,0.05,0.1,1696.89783609,2261.90838336,958832.0,122860.5781352,5677.62472729
BTC_JPY,2020-05-26T01:50:34.07,7857498,958836.0,959159.0,0.2,0.1,1697.12561609,2261.90838336,958832.0,122858.3206488,5677.62472729
BTC_JPY,2020-05-26T01:50:39.29,7857592,958838.0,959131.0,0.05,0.07831,1686.21751759,2260.78536483,958832.0,122884.73697155,5677.62472729
BTC_JPY,2020-05-26T01:50:44.743,7857668,958838.0,959229.0,0.05,0.5622,1697.42522759,2262.18645481,958832.0,122883.1881478,5677.51922729
BTC_JPY,2020-05-26T01:50:49.843,7857785,958631.0,959186.0,0.28600000000000003,0.6622,1695.31461759,2262.54545481,958838.0,122884.54023467,5677.55922729
BTC_JPY,2020-05-26T01:50:54.157,7857892,958642.0,959142.0,0.15,0.5622,1694.47263652,2262.88151374,958838.0,122882.04720634,5677.55922729
BTC_JPY,2020-05-26T01:50:59.49,7858026,958654.0,959108.0,0.15,0.5586,1697.61290652,2263.25876374,958649.0,122879.67494044,5677.55822729
BTC_JPY,2020-05-26T01:51:04.823,7858150,958676.0,959143.0,0.5411,0.2,1694.78414009,2262.88436731,958649.0,122881.14543086,5677.55822729
BTC_JPY,2020-05-26T01:51:09.233,7858235,958694.0,959209.0,0.5586,0.1,1697.80196009,2262.68318731,958649.0,122884.86189063,5677.52614385
BTC_JPY,2020-05-26T01:51:14.39,7858334,958706.0,959180.0,0.15,0.1,1697.66544009,2265.59288731,958703.0,122886.16459529,5677.73614385
BTC_JPY,2020-05-26T01:51:19.49,7858471,958832.0,959180.0,1.04,0.2399,1697.77291049,2264.32057758,958668.0,122886.82549777,5678.23614385
BTC_JPY,2020-05-26T01:51:23.99,7858525,958833.0,959186.0,0.05,0.26,1698.68062815,2264.80067771,959197.0,122886.92555513,5678.23820121
BTC_JPY,2020-05-26T01:51:29.75,7858634,959331.0,959485.0,0.07000002,0.44999999,1689.06881513,2243.40858825,959328.0,122895.68904768,5680.76040119
BTC_JPY,2020-05-26T01:51:34.15,7858786,959243.0,959802.0,0.1,0.1,1688.57616816,2259.81555765,959485.0,122896.03952841,5681.65550116
BTC_JPY,2020-05-26T01:51:39.13,7858918,959244.0,959791.0,0.30000013,0.03,1699.69099936,2262.43620825,959485.0,122899.47208072,5681.64550016
BTC_JPY,2020-05-26T01:51:44.543,7859046,959287.0,959802.0,0.05,0.1,1699.90999936,2262.47265825,959485.0,122890.99143351,5680.49570001
BTC_JPY,2020-05-26T01:51:49.087,7859163,959300.0,959789.0,0.05,0.2,1698.50093864,2261.88352898,959801.0,122896.47181632,5680.49550003
BTC_JPY,2020-05-26T01:51:54.03,7859331,958834.0,959560.0,0.5,1.03,1696.32294335,2264.65207284,959744.0,122903.58932554,5680.99550003
BTC_JPY,2020-05-26T01:51:59.453,7859495,959495.0,959802.0,0.32,0.1,1700.54575331,2260.12349294,959560.0,122907.13205145,5682.12550003
BTC_JPY,2020-05-26T01:52:04.827,7859636,959511.0,959802.0,0.6387,0.1,1701.24320591,2261.44325568,959498.0,122911.06679432,5682.17150003
BTC_JPY,2020-05-26T01:52:10.067,7859782,959404.0,959802.0,0.1,0.1,1698.42718604,2260.93291568,959513.0,122912.89890551,5682.18150003
BTC_JPY,2020-05-26T01:52:14.31,7859891,959419.0,959802.0,0.05,0.1,1699.12568604,2250.84501568,959513.0,122913.93528305,5682.18150003
BTC_JPY,2020-05-26T01:52:19.71,7859994,959376.0,959802.0,0.6387,0.1,1699.67419439,2261.06732402,959513.0,122913.46356912,5681.98150003
BTC_JPY,2020-05-26T01:52:24.55,7860092,959157.0,959790.0,0.32,0.04999,1700.09219438,2260.92883389,959513.0,122910.96736912,5681.98150003
BTC_JPY,2020-05-26T01:55:09.773,7862140,959414.0,959560.0,0.6238,0.3959,1698.94915336,2259.46016813,959413.0,122697.79173783,5675.03275439
BTC_JPY,2020-05-26T01:55:13.93,7862195,959439.0,959783.0,0.1,0.02,1699.15669685,2260.20957556,959560.0,122699.25863783,5675.42665439
BTC_JPY,2020-05-26T01:55:19.697,7862286,959424.0,959783.0,0.1,0.02,1697.36245745,2251.82478236,959415.0,122694.55300473,5673.54152129
BTC_JPY,2020-05-26T01:55:25.013,7862364,959462.0,959783.0,0.6165,0.02,1700.53045744,2262.58559236,959415.0,122692.17475139999,5673.54152129
BTC_JPY,2020-05-26T01:55:29.123,7862405,959486.0,959783.0,0.05,0.02,1700.43050763,2262.16564255,959415.0,122685.0497294,5672.48215637
BTC_JPY,2020-05-26T01:55:34.433,7862464,959491.0,959783.0,0.4,0.02,1699.88832762,2261.88093255,959461.0,122684.9902401,5671.62715637
BTC_JPY,2020-05-26T01:55:39.153,7862524,959488.0,959783.0,0.5638,0.02,1701.20081762,2251.80954255,959461.0,122678.70275974,5669.68215637
BTC_JPY,2020-05-26T01:55:44.64,7862617,959488.0,959783.0,0.05,0.02,1700.95184762,2261.51546826,959461.0,122671.78440201,5667.77238516
BTC_JPY,2020-05-26T01:55:49.697,7862686,959490.0,959783.0,0.05,0.02,1700.91179946,2261.91039439,959461.0,122662.63626057,5667.76238516
BTC_JPY,2020-05-26T01:55:54.85,7862820,959560.0,959945.0,0.1,0.0061,1692.6894995,2242.41823426,959802.0,122660.52021667,5667.87238516
BTC_JPY,2020-05-26T01:55:59.507,7862956,959780.0,960000.0,0.7609999999999999,3e-08,1694.40169954,2256.94586826,959775.0,122669.40028118,5668.59848516
BTC_JPY,2020-05-26T01:56:04.807,7863086,959822.0,960220.0,0.05,2.15,1695.08564374,2260.78902869,960000.0,122676.37028365,5668.43048519
BTC_JPY,2020-05-26T01:56:09.743,7863203,959576.0,960190.0,0.05,0.557,1693.85663341,2263.97502442,959574.0,122680.01860945,5668.33948519
BTC_JPY,2020-05-26T01:56:14.11,7863301,959509.0,960174.0,0.15,0.05,1693.94677951,2263.89909993,960175.0,122680.34350066,5667.92048519
BTC_JPY,2020-05-26T01:56:19.257,7863419,959548.0,960000.0,0.15,0.03,1698.8547795000006,2261.59920823,960175.0,122684.72962667,5666.92048519
BTC_JPY,2020-05-26T01:56:24.797,7863509,959718.0,960000.0,0.05,0.02,1697.66013301,2259.42924783,960000.0,122684.6101237,5666.82848519
BTC_JPY,2020-05-26T01:56:29.153,7863593,959560.0,959999.0,0.07267,0.04,1697.28320342,2258.70000783,959999.0,122679.45746618,5666.92748519
BTC_JPY,2020-05-26T01:56:34.733,7863682,959574.0,959988.0,0.05,0.11,1697.30205919,2259.79750783,959999.0,122678.92222598,5666.92748519
BTC_JPY,2020-05-26T01:56:39.19,7863758,959428.0,959977.0,0.6029,0.1,1697.62577919,2259.58760783,959988.0,122678.48370862,5666.93748519
BTC_JPY,2020-05-26T01:56:44.63,7863838,959448.0,959977.0,0.2,0.1,1697.78532919,2260.07200783,959988.0,122679.89165014,5666.91748319
BTC_JPY,2020-05-26T01:56:49.973,7863920,959467.0,959977.0,0.05,0.1,1697.08243114,2260.24664095,959988.0,122679.86051558,5666.71748319
BTC_JPY,2020-05-26T01:56:55.167,7864018,959502.0,959999.0,0.7529,0.04,1697.11652114,2261.28204095,959988.0,122679.62888049,5666.71748319
BTC_JPY,2020-05-26T01:56:59.297,7864096,959541.0,960000.0,0.7529,0.02,1696.99381114,2259.31912095,959988.0,122662.50156484,5657.92948419
BTC_JPY,2020-05-26T01:57:04.333,7864223,959542.0,960000.0,0.15,0.02,1697.29222114,2261.08187082,959535.0,122656.02548164,5658.92948419
BTC_JPY,2020-05-26T01:57:08.807,7864312,959549.0,960000.0,0.05,0.02,1695.24663115,2263.60184823,959549.0,122648.57548164,5659.12948419
BTC_JPY,2020-05-26T01:57:14.787,7864483,959557.0,960000.0,0.15,0.02,1696.41758897,2262.99411876,959549.0,122646.16901347,5659.00948419
BTC_JPY,2020-05-26T01:57:19.413,7864600,959422.0,959965.0,0.30000013,0.1,1694.22624844,2263.32192423,959549.0,122647.52249892,5658.99948319
BTC_JPY,2020-05-26T01:57:24.703,7864800,958510.0,959303.0,1.18,0.5378,1686.72739854,2267.84230846,958837.0,122673.18338109,5660.29386319
BTC_JPY,2020-05-26T02:00:10.257,7868090,959236.0,959877.0,0.15,0.1,1697.85130753,2258.05022512,959908.0,122636.84887285,5649.67490058
BTC_JPY,2020-05-26T02:00:14.24,7868180,959352.0,960000.0,0.241,3.122,1698.89732754,2257.45855512,959908.0,122633.92858825,5649.67490058
BTC_JPY,2020-05-26T02:00:19.37,7868323,959658.0,960000.0,0.6466,2.669805,1698.47096076,2255.67335382,960000.0,122646.38566498,5650.12709558
BTC_JPY,2020-05-26T02:00:24.3,7868429,959929.0,960240.0,0.03,1.0,1700.69839306,2239.91954898,960100.0,122666.32201247,5652.88889958
BTC_JPY,2020-05-26T02:00:29.093,7868516,959947.0,960260.0,0.05,0.9,1700.13272248,2253.54356911,960100.0,122669.28490901,5652.83889958
BTC_JPY,2020-05-26T02:00:34.373,7868595,959970.0,960260.0,0.504,0.07999961,1700.18962463,2253.963051,960260.0,122670.76598212,5653.75889997
BTC_JPY,2020-05-26T02:00:39.547,7868664,959985.0,960300.0,0.3,0.1,1699.92170463,2253.55203139,959978.0,122675.64798447,5653.97489958
BTC_JPY,2020-05-26T02:00:44.583,7868737,959998.0,960300.0,0.15,0.1,1699.3864415999994,2253.48909301,959978.0,122663.03904854,5652.97762234
BTC_JPY,2020-05-26T02:00:49.283,7868792,959999.0,960300.0,0.45000013,0.08,1699.23398638,2253.39155301,960300.0,122662.63905871,5652.81761435
BTC_JPY,2020-05-26T02:00:53.96,7868857,959802.0,960300.0,0.4966,0.08,1697.41992638,2254.46570301,960300.0,122660.50996806,5652.57761035
BTC_JPY,2020-05-26T02:00:59.663,7868955,959803.0,960300.0,0.30000013,0.08,1698.87326934,2253.46564597,960300.0,122659.08076898,5652.55760835
BTC_JPY,2020-05-26T02:01:04.647,7869062,959817.0,960300.0,0.4966,0.08,1701.40686934,2254.46564597,960300.0,122659.88833773,5652.55760835
BTC_JPY,2020-05-26T02:01:09.537,7869190,959920.0,960275.0,0.1,0.02,1706.04133935,2256.44397597,960300.0,122682.64293016,5652.55760835
BTC_JPY,2020-05-26T02:01:14.897,7869238,959920.0,960264.0,0.4966,0.2,1706.85993922,2258.63807597,960300.0,122684.03532363,5652.55760835
BTC_JPY,2020-05-26T02:01:19.547,7869280,960020.0,960300.0,0.1,0.08,1716.18333935,2257.92999597,960300.0,122686.52640311,5652.55760835
BTC_JPY,2020-05-26T02:01:24.187,7869346,960023.0,960300.0,0.4966,0.08,1713.66800879,2251.69552539,960021.0,122688.18173386,5652.56047475
BTC_JPY,2020-05-26T02:01:29.533,7869454,960024.0,960300.0,0.05,0.08,1715.1080083000006,2253.78452503,960023.0,122688.48933386,5652.39047475
