product_code,timestamp,tick_id,best_bid,best_ask,best_bid_size,best_ask_size,total_bid_depth,total_ask_depth,ltp,volume,volume_by_product
BTC_JPY,2020-05-24T04:58:09.043,4797228,990501.0,990953.0,0.01,0.4613,1759.12205977,2143.16109332,990995.0,83294.79688429,2614.93160809
BTC_JPY,2020-05-24T04:58:14.883,4797333,990501.0,990910.0,0.01,0.15,1759.73666662,2143.05209332,990995.0,83301.78500638,2614.93160809
BTC_JPY,2020-05-24T04:58:19.63,4797385,990501.0,990897.0,0.4021,0.05,1760.19676661,2142.55402332,990995.0,83305.44455769,2614.93160809
BTC_JPY,2020-05-24T04:58:24.553,4797460,990924.0,991205.0,0.025,0.4613,1760.24036661,2143.23702332,990995.0,83304.44632435,2614.93160809
BTC_JPY,2020-05-24T04:58:29.96,4797558,991000.0,991204.0,0.00149733,0.2,1759.59176394,2142.66972332,990995.0,83304.46137751,2614.93160809
BTC_JPY,2020-05-24T04:58:33.97,4797618,990924.0,991198.0,0.01039733,0.2,1759.47176394,2143.10102332,990924.0,83305.66037751,2614.95160809
BTC_JPY,2020-05-24T04:58:39.483,4797703,990924.0,991189.0,0.01039733,0.191,1759.78176394,2141.48902481,991189.0,83307.60737751,2614.96060809
BTC_JPY,2020-05-24T04:58:44.527,4797804,990924.0,991185.0,0.01039733,0.1,1756.64896092,2141.37432017,991189.0,83313.16723029,2614.75060809
BTC_JPY,2020-05-24T04:58:48.883,4797876,990924.0,991178.0,0.01039733,0.1,1758.33896092,2143.40312017,991189.0,83313.67318347,2614.75060809
BTC_JPY,2020-05-24T04:58:54.303,4797941,990924.0,991170.0,0.01039733,0.25,1757.84896092,2143.40312017,991189.0,83309.09063348,2614.75060809
BTC_JPY,2020-05-24T04:59:00.027,4798031,990571.0,991160.0,0.4613,0.1,1758.1360075,2134.25882018,990924.0,83296.12547738,2614.75900542
BTC_JPY,2020-05-24T04:59:04.32,4798094,990570.0,991153.0,0.15,0.2,1758.1734075,2134.36072018,990924.0,83294.85309005,2614.05400542
BTC_JPY,2020-05-24T04:59:09.423,4798164,990537.0,991145.0,0.4613,0.1,1758.40540751,2134.26072018,991153.0,83293.31928992,2614.05520542
BTC_JPY,2020-05-24T04:59:14.433,4798257,990535.0,991138.0,0.01,0.15,1758.12900751,2134.17172018,990524.0,83292.08471139,2613.78370542
BTC_JPY,2020-05-24T04:59:19.86,4798383,990512.0,991126.0,0.01,0.15,1757.81337384,2134.19317042,990524.0,83290.07764353,2612.23667442
BTC_JPY,2020-05-24T04:59:24.273,4798465,990512.0,991116.0,0.01,0.2677,1757.82619067,2134.33587042,990524.0,83290.01894353,2612.03567442
BTC_JPY,2020-05-24T04:59:29.04,4798572,990501.0,991083.0,0.01,0.4594,1756.18369067,2134.42557029,990524.0,83285.01262041,2612.03467442
BTC_JPY,2020-05-24T04:59:35.033,4798696,990524.0,991022.0,0.28,0.4594,1758.45909067,2134.50557042,990524.0,83279.79952375,2612.03167442
BTC_JPY,2020-05-24T04:59:39.71,4798795,990524.0,991011.0,0.06,0.4594,1755.55919067,2134.38557029,990524.0,83275.4761344,2611.82367442
BTC_JPY,2020-05-24T04:59:44.93,4798895,990524.0,991011.0,0.06,0.4592,1755.34559067,2132.23210477,990606.0,83274.22376083,2611.77867491
BTC_JPY,2020-05-24T04:59:49.727,4798966,990524.0,990972.0,0.06,0.15,1754.75080325,2132.90410477,990606.0,83275.13853655,2611.77867491
BTC_JPY,2020-05-24T04:59:54.733,4799059,990524.0,990750.0,0.06,0.15,1754.74848978,2134.31890477,990606.0,83271.2430476,2611.77867491
BTC_JPY,2020-05-24T04:59:59.88,4799104,990524.0,990752.0,0.06,0.35000013,1753.32603198,2134.67110477,990606.0,83273.35400319,2611.77867491
BTC_JPY,2020-05-24T05:00:04.147,4799125,990524.0,990752.0,0.06,0.35000013,1753.32613198,2134.05490477,990606.0,83281.34194572,2611.77867491
BTC_JPY,2020-05-24T05:00:10.067,4799233,990536.0,990999.0,0.01,0.05,1753.10772553,2131.83119418,990751.0,83328.85773229,2611.97867491
BTC_JPY,2020-05-24T05:00:14.847,4799300,990545.0,990999.0,0.4566,0.05,1756.85620313,2132.80519418,990751.0,83375.74994460001,2611.97667491
BTC_JPY,2020-05-24T05:00:19.637,4799375,990568.0,991119.0,0.01,0.2,1757.14278993,2130.62262686,991120.0,83385.66824712,2611.92675491
BTC_JPY,2020-05-24T05:00:25.097,4799464,990568.0,991119.0,0.01,0.1,1758.15632963,2133.01962686,991120.0,83401.13282926,2611.86975491
BTC_JPY,2020-05-24T05:00:29.197,4799537,990714.0,991876.0,0.1,0.294,1757.90852963,2130.31720684,991877.0,83406.50131565,2612.48975491
BTC_JPY,2020-05-24T05:00:34.48,4799639,990818.0,991794.0,0.32,0.1,1758.62252963,2130.84920684,991877.0,83409.45489071,2612.48975491
BTC_JPY,2020-05-24T05:00:39.097,4799713,990830.0,991789.0,0.01,0.2,1759.12167097,2130.55930738,991877.0,83406.28402564,2612.48975491
BTC_JPY,2020-05-24T05:00:44.8,4799797,991043.0,991783.0,0.32,0.15,1758.73827097,2131.88930738,991877.0,83383.65935819,2609.58840943
BTC_JPY,2020-05-24T05:00:49.77,4799895,991044.0,991746.0,0.4519,0.1,1759.34277097,2129.93930739,991816.0,83384.05262492,2609.78640943
BTC_JPY,2020-05-24T05:00:54.567,4799941,991044.0,991730.0,0.4519,0.05,1759.35837097,2129.44650739,991816.0,83386.25085546,2609.68640943
BTC_JPY,2020-05-24T05:00:59.837,4799997,991044.0,991680.0,0.4519,0.1,1758.46337097,2129.56150739,991816.0,83387.0197904,2608.99740943
BTC_JPY,2020-05-24T05:01:04.883,4800043,991044.0,991644.0,0.4519,0.1,1758.46337097,2130.00250739,991816.0,83398.52329913,2608.99740943
BTC_JPY,2020-05-24T05:01:10.6,4800155,991056.0,991637.0,0.4519,0.05,1758.62799458,2129.12004989,991816.0,83400.80009789,2608.19840943
BTC_JPY,2020-05-24T05:01:14.81,4800224,991044.0,991630.0,0.4519,0.1,1757.37729457,2126.59086622,991816.0,83403.3527636,2608.19840943
BTC_JPY,2020-05-24T05:01:19.7,4800306,991080.0,991624.0,0.4519,0.15,1759.07249457,2128.27598622,991816.0,83405.8715041,2608.19840943
BTC_JPY,2020-05-24T05:01:24.437,4800379,991055.0,991617.0,0.4519,0.15,1759.17749457,2131.90588622,991816.0,83393.64241614,2607.64840943
BTC_JPY,2020-05-24T05:01:29.23,4800444,991044.0,991609.0,0.4519,0.15,1759.18749457,2131.76219466,991816.0,83389.05840780001,2606.07418096
BTC_JPY,2020-05-24T05:01:35.113,4800535,991046.0,991953.0,0.4519,0.15,1758.68169457,2132.08587071,991816.0,83386.31024393,2606.07418096
BTC_JPY,2020-05-24T05:01:40.01,4800649,991180.0,991915.0,0.1,1.0,1759.28949458,2130.89120261,991816.0,83391.46928469,2606.07418096
BTC_JPY,2020-05-24T05:01:44.607,4800713,991180.0,991838.0,0.1,1.0,1759.19049458,2130.41180261,991816.0,83388.25584449,2606.07418096
BTC_JPY,2020-05-24T05:01:49.94,4800809,990821.0,991798.0,0.4519,0.1,1759.34709457,2130.24180261,991816.0,83377.29403647,2606.06418096
BTC_JPY,2020-05-24T05:01:53.927,4800865,990941.0,991770.0,0.4519,0.1,1757.38169457,2131.99320261,991816.0,83372.52992065,2605.86418096
BTC_JPY,2020-05-24T05:01:59.677,4800943,990941.0,991751.0,0.4461,0.15,1759.44189457,2131.74120261,991782.0,83371.82862065,2606.05418096
BTC_JPY,2020-05-24T05:02:04.823,4801004,990941.0,991744.0,0.4461,0.05,1758.0281002,2132.55320824,991782.0,83370.32180057,2606.02418096
BTC_JPY,2020-05-24T05:02:09.32,4801054,990941.0,991735.0,0.4461,0.15,1759.1981002,2132.85900824,991782.0,83366.25614421,2604.96418096
BTC_JPY,2020-05-24T05:02:14.54,4801122,990943.0,991780.0,0.1,0.05,1758.48950021,2132.80320824,991782.0,83364.42566832,2604.96418096
BTC_JPY,2020-05-24T05:02:19.32,4801189,990941.0,991774.0,0.4461,0.15,1758.4425002,2132.79892824,991782.0,83361.84950889999,2604.76418096
BTC_JPY,2020-05-24T05:02:24.017,4801240,991006.0,991767.0,0.1,0.15,1756.8185002,2132.79892824,991782.0,83361.6800089,2604.76418096
BTC_JPY,2020-05-24T05:05:09.207,4803957,990848.0,990955.0,0.009000000000000001,0.1,1758.09671522,2134.23994148,990501.0,83358.39456318,2604.12918097
BTC_JPY,2020-05-24T05:05:14.54,4804032,990848.0,990947.0,0.009000000000000001,0.1,1756.35331522,2133.71774148,990501.0,83350.36763745,2602.58519907
BTC_JPY,2020-05-24T05:05:19.183,4804103,990848.0,990941.0,9.000000000000002e-07,0.15,1752.55431612,2134.61320148,990848.0,83346.03734571,2602.59419817
BTC_JPY,2020-05-24T05:05:24.56,4804206,990524.0,990933.0,0.21,0.05,1756.59511522,2132.79020148,990501.0,83341.40665508,2602.09319817
BTC_JPY,2020-05-24T05:05:30.03,4804316,990500.0,990924.0,0.050055,0.1,1752.12551522,2132.94020148,990511.0,83344.17079725,2602.87219817
BTC_JPY,2020-05-24T05:05:34.183,4804378,990511.0,990920.0,0.1,0.30000013,1756.09551522,2132.64020148,990511.0,83346.09846897,2602.65219817
BTC_JPY,2020-05-24T05:05:39.457,4804448,990500.0,990918.0,0.050055,0.30000013,1750.58801521,2132.51829256,990501.0,83348.57727202,2603.15219817
BTC_JPY,2020-05-24T05:05:44.19,4804505,990501.0,990907.0,0.0557,0.2,1753.1437157000007,2133.30060197,990501.0,83352.95223198,2603.15219817
BTC_JPY,2020-05-24T05:05:49.17,4804570,990501.0,990900.0,0.0557,0.1,1753.1337157,2131.35060197,990501.0,83349.99980457,2603.13219817
BTC_JPY,2020-05-24T05:05:55.27,4804672,990500.0,990894.0,0.050055,0.15,1755.6390157,2131.24260197,990501.0,83347.01614613,2603.14219817
BTC_JPY,2020-05-24T05:05:59.793,4804749,990500.0,991030.0,0.050055,0.5284,1755.6616157,2131.39260197,990501.0,83349.54562995,2603.14119817
BTC_JPY,2020-05-24T05:06:04.493,4804826,990500.0,991024.0,0.050055,0.15,1755.6376157000002,2131.39830197,990501.0,83351.10399094,2603.62019817
BTC_JPY,2020-05-24T05:06:09.16,4804876,990500.0,991018.0,0.050055,0.1,1755.6476157000006,2134.10420197,990501.0,83348.52399094,2603.62019817
BTC_JPY,2020-05-24T05:06:14.187,4804934,990500.0,990501.0,0.050055,0.18,1753.8276157000007,2134.59690197,990501.0,83347.75897646,2604.88919817
BTC_JPY,2020-05-24T05:06:19.71,4805009,990502.0,991010.0,0.0727,0.2,1755.8587157000006,2133.72916932,990501.0,83346.80674578,2604.64919817
BTC_JPY,2020-05-24T05:06:24.397,4805067,990615.0,991196.0,0.32,0.1,1756.40816305,2132.82986932,990501.0,83355.34577515,2604.64919817
BTC_JPY,2020-05-24T05:06:29.653,4805158,990616.0,991077.0,0.2814,0.1,1756.26576318,2133.66556932,990616.0,83361.68110486,2604.87819817
BTC_JPY,2020-05-24T05:06:34.173,4805200,990616.0,991079.0,0.2814,0.1,1756.09976318,2133.38356932,991080.0,83354.71502394,2605.14219817
BTC_JPY,2020-05-24T05:06:40.01,4805257,990616.0,991076.0,0.2755,0.1,1755.69136319,2133.39806932,991080.0,83354.92890244,2605.14219817
BTC_JPY,2020-05-24T05:06:45.153,4805364,990606.0,991314.0,0.2767,0.5395,1754.9193632,2133.29806919,991080.0,83356.64015951,2605.14219817
BTC_JPY,2020-05-24T05:06:49.14,4805444,990605.0,991305.0,0.2763,0.15,1754.40396319,2133.05040445,991080.0,83356.60610615,2605.14219817
BTC_JPY,2020-05-24T05:06:54.427,4805536,990605.0,991292.0,0.2775,0.1,1756.34516318,2133.43990445,991080.0,83353.32323112,2604.94119817
BTC_JPY,2020-05-24T05:06:59.31,4805636,990607.0,991284.0,0.2764,0.15,1756.25916719,2133.05030846,991080.0,83352.32520112,2604.94019817
BTC_JPY,2020-05-24T05:07:04.787,4805734,990607.0,991274.0,0.2753,0.5395,1754.43906706,2131.68730026,991080.0,83352.33867243,2604.93919817
BTC_JPY,2020-05-24T05:07:10.04,4805840,990605.0,991261.0,0.2801,0.1,1755.28186719,2130.94590026,991265.0,83351.86471272,2605.14506817
BTC_JPY,2020-05-24T05:07:14.127,4805917,991080.0,991253.0,0.0019,0.05,1755.46536719,2132.15180026,991265.0,83351.81834388,2605.14406817
BTC_JPY,2020-05-24T05:07:19.627,4806043,990604.0,991238.0,0.44999999,0.4391,1756.42986719,2131.57489026,991080.0,83353.75427388,2604.94496817
BTC_JPY,2020-05-24T05:07:24.46,4806145,990501.0,991208.0,0.4302,0.4391,1755.52996721,2131.34844168,991080.0,83354.83241236,2604.94496817
BTC_JPY,2020-05-24T05:10:10.03,4808366,989565.0,989999.0,0.31,0.09,1749.90850306,2123.00970393,989900.0,83249.79299797,2601.36726428
BTC_JPY,2020-05-24T05:10:14.223,4808446,989824.0,990000.0,0.05,0.55199403,1751.31319176,2121.18104168,989823.0,83254.43441762,2601.90525582
BTC_JPY,2020-05-24T05:10:19.963,4808495,989835.0,990000.0,1.7236822,0.00199403,1754.01107396,2122.41158478,989832.0,83256.6301277,2602.24525582
BTC_JPY,2020-05-24T05:10:24.697,4808611,990013.0,991155.0,0.7481,1.14,1752.21103613,2114.43169829,990743.0,83269.69468589,2603.44724985
BTC_JPY,2020-05-24T05:10:29.41,4808752,990470.0,991118.0,0.4481,0.2,1755.19644869,2117.54130573,990743.0,83291.01363655,2603.44724985
BTC_JPY,2020-05-24T05:10:34.76,4808857,990467.0,991094.0,0.09,0.2,1756.07134869,2119.64327078,990743.0,83285.50168143,2598.28224835
BTC_JPY,2020-05-24T05:10:39.88,4808965,990470.0,991047.0,0.09,0.26,1756.47204869,2130.63233467,990743.0,83285.28602143,2598.18224835
BTC_JPY,2020-05-24T05:10:44.58,4809064,990267.0,991021.0,0.4481,0.2,1758.64034019,2130.02033454,990743.0,83283.36209326,2597.68224835
BTC_JPY,2020-05-24T05:10:49.35,4809164,990284.0,990997.0,0.4481,0.2,1760.54568489,2131.85343467,990743.0,83284.67809326,2597.68224835
BTC_JPY,2020-05-24T05:10:54.123,4809286,990299.0,990967.0,0.2488,0.2,1757.6313849,2133.46843468,990743.0,83285.8852896,2597.68224835
BTC_JPY,2020-05-24T05:11:00.083,4809431,990294.0,990700.0,0.3903,0.5,1758.2929084000002,2132.76843468,990743.0,83286.57535669,2597.08224835
BTC_JPY,2020-05-24T05:11:04.997,4809515,990270.0,990700.0,0.09,0.3,1759.28649049,2131.89594182,990700.0,83283.23076099,2597.08224835
BTC_JPY,2020-05-24T05:11:09.23,4809540,990273.0,990700.0,0.0619,0.3,1757.70510989,2130.79994182,990700.0,83282.36372099,2597.08224835
BTC_JPY,2020-05-24T05:11:14.903,4809618,990284.0,990699.0,0.058,0.05,1759.30799619,2131.40694182,990700.0,83281.68215514,2597.08224835
BTC_JPY,2020-05-24T05:11:19.157,4809674,990285.0,990699.0,0.31,0.1,1758.88709619,2131.59022182,990282.0,83280.16825421,2596.49740684
BTC_JPY,2020-05-24T05:11:24.253,4809692,990271.0,990698.0,0.30000013,0.05,1756.32150147,2131.64022182,990282.0,83278.53756313,2596.29740684
BTC_JPY,2020-05-24T05:11:28.553,4809706,990262.0,990698.0,0.30000013,0.05,1760.21250147,2131.61022182,990282.0,83276.31608565,2596.29740684
BTC_JPY,2020-05-24T05:11:34.117,4809727,990500.0,990698.0,1.0,0.05,1756.69572507,2131.64022182,990282.0,83275.63333546,2596.29640684
BTC_JPY,2020-05-24T05:11:39.22,4809797,990800.0,991055.0,0.1901107,0.05,1754.35907388,2131.32110524,990800.0,83280.14824894,2597.90629614
BTC_JPY,2020-05-24T05:11:43.947,4809833,990800.0,991055.0,1.1901107,0.2,1755.56627401,2129.77390524,990800.0,83277.67557959,2597.90399614
BTC_JPY,2020-05-24T05:11:49.557,4809862,990800.0,990956.0,1.1901107,0.2,1756.88187401,2130.89390524,990800.0,83271.73585765,2597.90399614
BTC_JPY,2020-05-24T05:11:54.363,4809958,990243.0,990926.0,0.30000013,0.4721,1757.58636331,2132.12820524,990800.0,83272.37309835,2599.09410684
BTC_JPY,2020-05-24T05:11:59.74,4810012,990800.0,990915.0,1.0,0.05,1758.67856331,2131.60020524,990800.0,83271.94309835,2599.09410684
BTC_JPY,2020-05-24T05:12:04.163,4810040,990800.0,990951.0,1.0,0.05,1760.7926633000006,2129.73810524,990800.0,83271.94138316,2599.09410684
BTC_JPY,2020-05-24T05:12:10.027,4810097,990800.0,990952.0,0.99,0.61,1760.61818789,2127.89810524,990800.0,83276.64310829,2599.02810684
BTC_JPY,2020-05-24T05:12:14.843,4810130,990800.0,991050.0,0.99,0.5,1760.31956217,2127.20810524,990800.0,83275.15635796,2599.02810684
BTC_JPY,2020-05-24T05:12:19.41,4810157,990800.0,991050.0,0.99,0.5,1762.3047053,2128.76734524,990800.0,83276.38346436,2598.97810684
BTC_JPY,2020-05-24T05:12:23.913,4810181,990952.0,991050.0,0.001,0.489,1762.4396053,2126.75634524,991050.0,83284.8308594,2598.98910684
BTC_JPY,2020-05-24T05:15:09.427,4812563,991057.0,991557.0,0.1689,0.05,1760.70471216,2130.21211833,991254.0,83306.52019469,2598.38400684
BTC_JPY,2020-05-24T05:15:15.213,4812686,991060.0,991697.0,0.1,0.6161,1760.40511217,2130.94491846,991254.0,83294.06505298,2598.36400584
BTC_JPY,2020-05-24T05:15:19.33,4812802,991066.0,991678.0,0.09,0.4661,1760.39751217,2130.70843386,991254.0,83285.13941596,2598.36400584
BTC_JPY,2020-05-24T05:15:25.133,4812973,991056.0,991639.0,0.32,0.21,1759.07181204,2130.06261846,991254.0,83285.24801976,2598.36400584
BTC_JPY,2020-05-24T05:15:29.613,4813082,991066.0,991621.0,0.09,0.2,1763.08981215,2130.00261846,991254.0,83281.74546864,2598.36400584
BTC_JPY,2020-05-24T05:15:34.94,4813201,991059.0,991597.0,0.1721,0.05,1763.07133215,2130.34471846,991254.0,83280.90746864,2598.35400584
BTC_JPY,2020-05-24T05:15:40.117,4813311,991057.0,991721.0,0.2707,0.05,1764.46093212,2129.49450836,991254.0,83275.28222907,2598.30400584
BTC_JPY,2020-05-24T05:15:44.71,4813394,991056.0,991721.0,0.32,0.05,1763.88923199,2129.46450836,991254.0,83248.5952088,2596.83790754
BTC_JPY,2020-05-24T05:15:49.8,4813517,991065.0,991714.0,0.1723,0.05,1763.2548356,2130.06560836,991254.0,83242.31913901,2596.83790754
BTC_JPY,2020-05-24T05:15:55.15,4813649,991058.0,991701.0,0.09,0.6161,1762.8305755999993,2130.22452836,991254.0,83238.65548785,2596.83790754
BTC_JPY,2020-05-24T05:15:59.597,4813735,991060.0,991689.0,0.17300000000000001,0.4661,1763.93085975,2130.07452836,991254.0,83236.25302926,2596.83790754
BTC_JPY,2020-05-24T05:16:05.117,4813853,991059.0,991722.0,0.2195,0.4661,1763.12735975,2131.11552836,991254.0,83232.83090039,2596.64690754
BTC_JPY,2020-05-24T05:16:09.197,4813952,991072.0,991713.0,0.1,0.05,1762.85785975,2129.13842836,991254.0,83229.33390039,2596.64690754
BTC_JPY,2020-05-24T05:16:14.667,4814118,991614.0,991790.0,0.32,1.0,1758.81525975,2121.05017928,991779.0,83236.58016039,2597.68690754
BTC_JPY,2020-05-24T05:16:19.883,4814258,991779.0,992000.0,0.47,0.04297011,1758.91644754,2121.9745270999997,991779.0,83239.8232799,2597.68690754
BTC_JPY,2020-05-24T05:16:25.08,4814350,991786.0,992000.0,0.15,0.04297011,1763.94644754,2124.6618671,991779.0,83240.68903214,2597.66690754
BTC_JPY,2020-05-24T05:16:29.503,4814418,991776.0,992000.0,0.32,0.04297011,1764.50004756,2126.3058671,991777.0,83243.40764646,2597.88690754
BTC_JPY,2020-05-24T05:16:34.607,4814511,991483.0,991999.0,0.4641,0.0544,1760.52404756,2127.44634697,991777.0,83245.11841054,2597.88690754
BTC_JPY,2020-05-24T05:16:40.113,4814626,991501.0,992000.0,0.31,0.04297011,1760.42224758,2127.7736870999997,991777.0,83245.4837371,2597.88690754
BTC_JPY,2020-05-24T05:16:44.41,4814720,991514.0,992000.0,0.6141,0.04297011,1763.78377434,2129.2816871,991777.0,83245.31592872,2597.88690754
BTC_JPY,2020-05-24T05:16:49.303,4814824,991530.0,992000.0,0.2,0.04297011,1762.87867421,2127.66858928,991777.0,83247.06155681,2597.88690754
BTC_JPY,2020-05-24T05:16:54.867,4814929,991545.0,992000.0,0.6141,0.03297011,1759.68877434,2126.58568743,992000.0,83241.44842022,2597.86190754
BTC_JPY,2020-05-24T05:17:00.317,4815041,991698.0,992000.0,0.05,0.03297011,1759.31177434,2125.27268743,992000.0,83241.31700521,2597.86190754
BTC_JPY,2020-05-24T05:17:04.883,4815088,991702.0,992000.0,0.05,0.03297011,1761.70577434,2127.14764743,992000.0,83236.0894716,2597.86190754
BTC_JPY,2020-05-24T05:17:09.927,4815161,991711.0,992000.0,0.09,0.03297011,1761.84253778,2124.50316054,992000.0,83230.48089466,2597.74830954
BTC_JPY,2020-05-24T05:17:14.183,4815220,991718.0,992000.0,0.2,0.03297011,1761.40753779,2125.04416054,992000.0,83221.89489121,2597.74830954
BTC_JPY,2020-05-24T05:17:19.44,4815315,991728.0,992154.0,0.2,0.07297011,1760.33093781,2119.23307176,992154.0,83221.29471179,2597.70450954
BTC_JPY,2020-05-24T05:17:24.983,4815397,991920.0,992188.0,0.05,0.001,1760.48097679,2119.47749731,992154.0,83222.1638118,2597.69450954
BTC_JPY,2020-05-24T05:20:09.66,4817739,992195.0,992632.0,0.4914,0.002,1758.64949437,2115.28475963,992436.0,83302.05527527,2612.7651296
BTC_JPY,2020-05-24T05:20:15.213,4817843,992179.0,992606.0,0.05,0.1,1760.75589437,2115.32648963,992436.0,83302.23498975,2612.7651296
BTC_JPY,2020-05-24T05:20:19.967,4817900,992177.0,992567.0,0.19,0.04881,1760.54142437,2115.22625963,992436.0,83301.4770069,2612.7651296
BTC_JPY,2020-05-24T05:20:24.437,4817981,992011.0,992453.0,0.14,0.1,1758.24064424,2115.92944488,992464.0,83297.86589639999,2612.8175796
BTC_JPY,2020-05-24T05:20:28.927,4818063,992003.0,992453.0,0.5414,0.1,1760.41316437,2116.25944501,992464.0,83286.92417258,2612.8175796
BTC_JPY,2020-05-24T05:20:34.283,4818143,992015.0,992464.0,0.1,0.1,1760.72896437,2115.81189488,992464.0,83285.9513523,2612.8095796
BTC_JPY,2020-05-24T05:20:40.05,4818240,992036.0,992475.0,0.05,0.05245,1760.53516437,2115.98189501,992464.0,83285.7710291,2612.8095796
BTC_JPY,2020-05-24T05:20:44.303,4818330,992104.0,992464.0,0.1,0.1,1760.84556437,2116.10989501,992464.0,83286.9910291,2612.8095796
BTC_JPY,2020-05-24T05:20:49.39,4818377,992105.0,992632.0,0.05,0.002,1760.66024437,2116.00425501,992464.0,83282.73950563,2612.6095796
BTC_JPY,2020-05-24T05:20:54.16,4818438,992100.0,992339.0,0.1,0.05094,1760.80901975,2114.81049501,992464.0,83283.18245965,2612.5595796
BTC_JPY,2020-05-24T05:20:59.87,4818487,992100.0,992338.0,0.090001,0.4914,1759.86755062,2117.33643113,992100.0,83287.24574865,2612.5095786
BTC_JPY,2020-05-24T05:21:04.493,4818527,992100.0,992338.0,0.090001,0.4914,1760.14319075,2118.30309129,992100.0,83287.29318998,2612.5095786
BTC_JPY,2020-05-24T05:21:09.907,4818570,992100.0,992338.0,0.090001,0.4914,1757.83388091,2117.99609129,992100.0,83286.93038879,2612.5095786
BTC_JPY,2020-05-24T05:21:14.96,4818602,992100.0,992339.0,0.090001,0.05094,1757.28808091,2117.91109116,992100.0,83281.30265519,2612.34753442
BTC_JPY,2020-05-24T05:21:20.283,4818642,992100.0,992339.0,0.080001,0.05094,1761.17557583,2117.87109129,992100.0,83273.65859358,2612.25153442
BTC_JPY,2020-05-24T05:21:22.88,4818654,992100.0,992339.0,0.080001,0.05094,1761.17557583,2117.87109129,992100.0,83270.87299327,2612.25153442
BTC_JPY,2020-05-24T05:21:28.463,4818678,992100.0,992339.0,0.080001,0.05094,1759.87657583,2117.90109129,992100.0,83269.26916984,2612.25153442
BTC_JPY,2020-05-24T05:21:34.84,4818700,992100.0,992338.0,0.080001,0.4914,1760.14077583,2117.90109129,992100.0,83270.55211798,2612.25153442
BTC_JPY,2020-05-24T05:21:39.953,4818723,992100.0,992337.0,0.080001,0.4914,1760.14100583,2118.26309129,992100.0,83271.80323769,2612.25153442
BTC_JPY,2020-05-24T05:21:44.4,4818790,992100.0,992326.0,0.080001,0.05,1760.77607583,2117.24809129,992100.0,83271.26885465,2612.25153442
BTC_JPY,2020-05-24T05:21:48.983,4818850,992100.0,992321.0,0.080001,0.4914,1760.77607583,2118.22709129,992100.0,83269.45657465,2612.25153442
BTC_JPY,2020-05-24T05:21:54.743,4818919,992100.0,992333.0,0.080001,0.4914,1760.57088091,2118.26290129,992100.0,83268.79610279,2612.25053442
BTC_JPY,2020-05-24T05:21:58.937,4818973,992000.0,992326.0,0.1,0.05,1760.78206025,2118.32960129,992100.0,83273.01240548,2612.27853542
BTC_JPY,2020-05-24T05:22:05.28,4819004,992000.0,992303.0,0.1,0.1,1760.77886025,2118.47960129,992100.0,83275.7480197,2612.27853542
BTC_JPY,2020-05-24T05:22:09.703,4819039,992000.0,992303.0,0.1,0.1,1760.78986025,2118.50960129,992100.0,83275.8138497,2612.26561542
BTC_JPY,2020-05-24T05:22:14.497,4819065,992000.0,992303.0,0.1,0.1,1760.78686025,2116.99150129,992100.0,83275.4216447,2612.24873042
BTC_JPY,2020-05-24T05:22:18.583,4819080,992000.0,992303.0,0.1,0.1,1761.78786025,2100.18090129,992100.0,83274.88269416,2612.23872942
BTC_JPY,2020-05-24T05:22:24.283,4819122,992100.0,992339.0,0.046,0.05075,1761.84486025,2103.01200129,992100.0,83274.57558609,2612.23872942
BTC_JPY,2020-05-24T05:25:09.203,4821870,992321.0,992666.0,0.1387,0.04771,1760.42602969,2114.26981496,992302.0,83330.98928499,2608.06473082
BTC_JPY,2020-05-24T05:25:14.63,4821965,992332.0,992666.0,0.05,0.04771,1760.40892969,2116.50081496,992302.0,83330.98076124,2607.86273082
BTC_JPY,2020-05-24T05:25:20.027,4822071,992363.0,992691.0,0.1384,0.04788,1760.65812969,2115.82090503,992302.0,83332.66269139,2607.86273082
BTC_JPY,2020-05-24T05:25:24.307,4822159,992402.0,992691.0,0.6283,0.04788,1760.96882969,2115.47018911,992302.0,83331.7427714,2607.86273082
BTC_JPY,2020-05-24T05:25:29.67,4822259,992416.0,992691.0,0.15,0.04788,1760.36162969,2115.74018924,992302.0,83332.89173567,2607.86273082
BTC_JPY,2020-05-24T05:25:34.75,4822314,992207.0,992606.0,0.15,0.04941,1760.30411052,2115.86030007,992418.0,83335.24410439999,2607.66898082
BTC_JPY,2020-05-24T05:25:39.063,4822397,992195.0,992526.0,0.05,0.04734,1759.57116279,2114.55823007,992418.0,83336.11635009,2607.66898082
BTC_JPY,2020-05-24T05:25:44.59,4822442,992208.0,992800.0,0.1,0.00997,1760.30557279,2116.55289007,992418.0,83332.98566036,2607.36898082
BTC_JPY,2020-05-24T05:25:49.493,4822511,992255.0,992601.0,0.1,0.051160000000000004,1760.47138075,2115.85405007,992418.0,83331.25889594,2607.36898082
BTC_JPY,2020-05-24T05:25:54.23,4822587,992280.0,992601.0,0.05,0.051160000000000004,1760.03248278,2116.02405007,992418.0,83324.43407451,2607.34398082
BTC_JPY,2020-05-24T05:25:59.283,4822631,992144.0,992601.0,0.15,0.051160000000000004,1760.69048278,2115.88767943,992418.0,83323.35666534,2607.34398082
BTC_JPY,2020-05-24T05:26:04.277,4822685,992180.0,992601.0,0.15,0.051160000000000004,1761.07751278,2115.88767943,992418.0,83322.59624182,2607.29398082
BTC_JPY,2020-05-24T05:26:08.963,4822743,992218.0,992601.0,0.15,0.051160000000000004,1760.87751278,2115.7536874,992418.0,83315.58457292,2607.28698082
BTC_JPY,2020-05-24T05:26:14.257,4822800,992256.0,992601.0,0.1,0.051160000000000004,1760.73851278,2115.87770943,992418.0,83314.37405706,2607.13598082
BTC_JPY,2020-05-24T05:26:19.48,4822847,992284.0,992601.0,0.1,0.051160000000000004,1760.68951278,2115.88926166,992418.0,83314.15721593,2607.13598082
BTC_JPY,2020-05-24T05:26:24.117,4822886,992310.0,992601.0,0.15,0.051160000000000004,1760.62351278,2115.81826166,992418.0,83314.63202593,2607.13598082
BTC_JPY,2020-05-24T05:26:29.73,4822939,992313.0,992601.0,0.1,0.051160000000000004,1760.18628265,2115.81826166,992418.0,83314.31044766,2607.03498082
BTC_JPY,2020-05-24T05:26:35.273,4822999,992249.0,992509.0,0.09,0.04649,1759.61819279,2115.89259166,992418.0,83316.58716784,2607.03498082
BTC_JPY,2020-05-24T05:26:39.593,4823057,992248.0,992397.0,0.05,0.04662,1760.03096279,2117.04372166,992418.0,83318.50038838,2607.03498082
BTC_JPY,2020-05-24T05:26:44.723,4823125,992017.0,992724.0,0.1,0.4783,1760.24215266,2116.79110166,992406.0,83328.41211105,2607.08504082
BTC_JPY,2020-05-24T05:26:48.963,4823192,992028.0,992466.0,0.1,0.05371,1760.18642279,2117.24481166,992406.0,83329.93773012,2607.08404082
BTC_JPY,2020-05-24T05:26:54.26,4823255,992055.0,992466.0,0.05,0.05371,1750.56642279,2117.39481166,992406.0,83329.81332184,2607.08404082
BTC_JPY,2020-05-24T05:26:59.62,4823311,992046.0,992724.0,0.05,0.4783,1758.14343063,2117.34110364,992406.0,83329.42136871,2607.08404082
BTC_JPY,2020-05-24T05:27:05.003,4823378,992055.0,992513.0,0.09,0.05454,1758.46442477,2117.47064364,992406.0,83329.99876596,2607.08404082
BTC_JPY,2020-05-24T05:27:09.157,4823409,992065.0,992513.0,0.05,0.05454,1758.39342477,2117.44064364,992406.0,83329.99900447,2607.03304082
BTC_JPY,2020-05-24T05:27:14.667,4823456,992079.0,992513.0,0.1,0.05454,1758.71563076,2117.44064364,992406.0,83329.67000447,2607.02404082
BTC_JPY,2020-05-24T05:27:19.81,4823542,992087.0,992513.0,0.3857,0.05454,1758.77912477,2115.09664364,992406.0,83327.53681083,2606.63204082
BTC_JPY,2020-05-24T05:27:24.867,4823619,992089.0,992513.0,0.3853,0.05454,1759.77872477,2115.09664364,992406.0,83321.59434566,2606.45074082
BTC_JPY,2020-05-24T05:30:09.45,4826220,992258.0,992557.0,0.4055,0.1,1753.34831424,2109.39780431,992131.0,83332.59634752,2608.4161568000004
BTC_JPY,2020-05-24T05:30:14.377,4826298,992269.0,992506.0,0.1,0.04627,1753.10730424,2111.48849431,992131.0,83338.31585489,2608.3961568000004
BTC_JPY,2020-05-24T05:30:19.413,4826381,992273.0,992555.0,0.05,0.05054,1753.13878024,2111.22276431,992131.0,83337.5307775,2608.3961568000004
BTC_JPY,2020-05-24T05:30:25.177,4826481,992240.0,992555.0,0.05,0.05054,1749.51331895,2111.04376315,992138.0,83335.92066515,2608.4061568
BTC_JPY,2020-05-24T05:30:29.267,4826549,992247.0,992555.0,0.15,0.05054,1752.90450908,2111.01376315,992138.0,83339.35339544,2608.4061568
BTC_JPY,2020-05-24T05:30:34.157,4826624,992255.0,992555.0,0.05,0.05054,1752.91155908,2110.53066315,992138.0,83345.38846509,2608.2671568000005
BTC_JPY,2020-05-24T05:30:39.867,4826664,992258.0,992800.0,0.1,0.061,1752.80600908,2110.88112315,992600.0,83350.57969844,2608.6471568
BTC_JPY,2020-05-24T05:30:45.073,4826728,992267.0,992564.0,0.15,0.05325,1750.97542908,2111.37437315,992600.0,83354.97837127,2608.6471568
BTC_JPY,2020-05-24T05:30:48.487,4826767,992268.0,992564.0,0.05,0.05325,1753.39562908,2111.40777315,992600.0,83357.97255303,2608.467156800001
BTC_JPY,2020-05-24T05:30:54.2,4826788,992268.0,992776.0,0.05,0.05,1753.04261908,2111.49690039,992564.0,83363.43808544,2608.5194068000005
BTC_JPY,2020-05-24T05:31:00.02,4826862,992236.0,992587.0,0.5,0.4801,1753.66511908,2112.24719039,992564.0,83366.17666583,2608.5194068000005
BTC_JPY,2020-05-24T05:31:04.523,4826916,992238.0,992564.0,0.05,0.05,1750.31401908,2112.43409039,992564.0,83366.16449004,2607.78640382
BTC_JPY,2020-05-24T05:31:07.747,4826963,992238.0,992575.0,0.05,0.05,1753.98861908,2112.03419039,992564.0,83366.59646855,2607.78640382
BTC_JPY,2020-05-24T05:31:14.31,4826998,992240.0,992563.0,0.05,0.05,1754.04801908,2112.14419039,992564.0,83368.30108898,2606.98640382
BTC_JPY,2020-05-24T05:31:19.493,4827081,992238.0,992587.0,0.05,0.05,1753.90121908,2111.66409039,992564.0,83367.73651129,2606.97640382
BTC_JPY,2020-05-24T05:31:24.053,4827116,992236.0,992550.0,0.5,0.4801,1753.75512908,2112.29419039,992564.0,83361.9020211,2606.91640382
BTC_JPY,2020-05-24T05:31:30.2,4827158,992225.0,992539.0,0.16103831,0.05,1751.76942908,2112.34419039,992225.0,83360.1450211,2606.91940382
BTC_JPY,2020-05-24T05:31:34.097,4827227,992100.0,992410.0,0.08,0.4783,1750.50833911,2113.36918039,992226.0,83365.84480893,2607.11233156
BTC_JPY,2020-05-24T05:31:39.177,4827368,991736.0,992166.0,0.08,0.4848,1747.47214053,2115.24219198,991900.0,83394.46785546,2608.42333156
BTC_JPY,2020-05-24T05:31:44.163,4827443,991736.0,992094.0,0.08,0.4848,1750.23946833,2117.04633162,991900.0,83398.30256034,2608.42333156
BTC_JPY,2020-05-24T05:31:49.277,4827505,991736.0,992158.0,0.08,0.05,1750.12246833,2116.04633162,991900.0,83396.94098349,2608.42233156
BTC_JPY,2020-05-24T05:31:54.437,4827592,991736.0,992096.0,0.08,0.4848,1750.11949833,2116.50083163,991900.0,83394.90764443,2608.18113156
BTC_JPY,2020-05-24T05:31:59.61,4827684,991736.0,992048.0,0.08,0.4848,1749.16369833,2117.27233161,991900.0,83392.30591644,2608.08113156
BTC_JPY,2020-05-24T05:32:04.957,4827771,991736.0,992047.0,0.08,0.05,1750.28955833,2113.76533163,991900.0,83395.28386821,2608.08113156
BTC_JPY,2020-05-24T05:32:10.023,4827874,991745.0,992339.0,0.25,0.04668,1751.91695833,2113.19653194,991900.0,83394.3994107,2608.08113156
BTC_JPY,2020-05-24T05:32:13.367,4827928,991751.0,992328.0,0.05,0.05,1750.53625833,2113.64653194,991749.0,83395.18830248,2608.08213156
BTC_JPY,2020-05-24T05:32:19.86,4828019,991754.0,992291.0,0.05,0.4848,1750.18345833,2112.89553194,991736.0,83392.49646725,2608.28213156
BTC_JPY,2020-05-24T05:32:24.11,4828078,991737.0,992255.0,0.05,0.4829,1749.62906546,2114.98365907,991736.0,83395.97191154,2608.28213156
BTC_JPY,2020-05-24T05:35:09.707,4830768,992534.0,992800.0,0.2,0.061,1751.40255696,2107.14747605,992650.0,83326.82900686,2594.01879413
BTC_JPY,2020-05-24T05:35:15.053,4830882,992550.0,992800.0,0.5312,0.061,1753.94816695,2107.51847605,992650.0,83331.38020601,2593.91879413
BTC_JPY,2020-05-24T05:35:20.08,4830978,992557.0,993000.0,0.4974,0.10475,1754.16957018,2107.43848605,993000.0,83339.34520352,2594.09878413
BTC_JPY,2020-05-24T05:35:24.437,4831067,992664.0,993000.0,0.5974,0.10475,1754.14206609,2107.98842826,993000.0,83340.37704285,2593.89778413
BTC_JPY,2020-05-24T05:35:29.287,4831159,992680.0,993000.0,0.4974,0.08475,1754.03606609,2108.84253235,993000.0,83345.17035277,2593.91678413
BTC_JPY,2020-05-24T05:35:34.627,4831306,992696.0,992800.0,0.05,0.08,1753.09347075,2107.84900867,993500.0,83356.52307915,2595.91478413
BTC_JPY,2020-05-24T05:35:39.967,4831429,992840.0,993000.0,0.11245512,0.01,1752.58803009,2106.36981034,992800.0,83359.0810258,2595.99378413
BTC_JPY,2020-05-24T05:35:45.063,4831525,992709.0,993000.0,0.1,0.01,1753.1113039000006,2105.68658584,992800.0,83366.06090580001,2595.99278413
BTC_JPY,2020-05-24T05:35:49.507,4831630,992429.0,992883.0,0.1,0.04803,1753.03959967,2109.26020691,992800.0,83372.41835736,2595.96178413
BTC_JPY,2020-05-24T05:35:54.927,4831684,992429.0,992883.0,0.05,0.04803,1752.98899967,2109.73355097,992800.0,83374.87268277,2595.96078413
BTC_JPY,2020-05-24T05:35:59.637,4831733,992436.0,992800.0,0.05,0.05,1752.31365967,2109.74463097,992800.0,83374.31226798,2595.95978413
BTC_JPY,2020-05-24T05:36:04.437,4831759,992440.0,992800.0,0.1,0.05,1752.34895967,2109.67463097,992800.0,83364.33024171,2595.65878413
BTC_JPY,2020-05-24T05:36:09.443,4831815,992425.0,992754.0,0.05,0.05508,1750.38964806,2109.81368097,992800.0,83360.24566384,2595.50778413
BTC_JPY,2020-05-24T05:36:14.823,4831850,992425.0,992754.0,0.05,0.05508,1750.37757806,2112.32928097,992800.0,83353.96919302,2594.50578413
BTC_JPY,2020-05-24T05:36:20.107,4831890,992433.0,992800.0,0.2,2.90242,1750.51174806,2112.20725097,992800.0,83350.26149513,2593.68478313
BTC_JPY,2020-05-24T05:36:24.737,4831913,992435.0,992800.0,0.05,2.87692,1750.74374806,2113.11275097,992800.0,83348.94599513,2593.70928313
BTC_JPY,2020-05-24T05:36:29.263,4831961,992443.0,992800.0,0.05,2.87692,1749.64674806,2112.61275097,992800.0,83348.15235946,2592.98518644
BTC_JPY,2020-05-24T05:36:34.827,4832007,992450.0,992799.0,0.15,0.4815,1749.74674806,2115.19425097,992800.0,83346.99956147,2592.98418644
BTC_JPY,2020-05-24T05:36:39.21,4832047,992424.0,992799.0,0.1,0.4815,1751.51561913,2115.27074737,992800.0,83348.49819249999,2592.98418644
BTC_JPY,2020-05-24T05:36:44.75,4832101,992424.0,992756.0,0.1,0.05093,1751.66354806,2114.87072663,992800.0,83349.18293418,2592.98218644
BTC_JPY,2020-05-24T05:36:49.63,4832141,992424.0,992755.0,0.1,0.4815,1751.66354806,2114.36572663,992800.0,83347.92193418,2592.98118644
BTC_JPY,2020-05-24T05:36:54.337,4832200,992424.0,992800.0,0.1,3.4269199999999995,1751.69204793,2113.87429663,992800.0,83346.4719765,2592.78118644
BTC_JPY,2020-05-24T05:36:59.967,4832255,992428.0,992800.0,0.31,3.47692,1751.52154806,2113.92429663,992800.0,83346.90479206,2592.69318644
BTC_JPY,2020-05-24T05:37:05.37,4832288,992440.0,992800.0,0.31,3.47692,1752.04394806,2113.79897663,992800.0,83351.02127932,2592.69118644
BTC_JPY,2020-05-24T05:37:09.1,4832316,992448.0,992800.0,0.31,3.47692,1752.27394806,2115.67997663,992800.0,83351.00713989999,2592.69118644
BTC_JPY,2020-05-24T05:37:14.827,4832365,992453.0,992800.0,0.2,3.15692,1751.40879806,2113.69739163,992800.0,83355.30460301,2593.01018644
BTC_JPY,2020-05-24T05:37:19.507,4832405,992461.0,992800.0,0.2,3.15692,1752.40079806,2114.51839163,992800.0,83355.85024746,2593.00918644
BTC_JPY,2020-05-24T05:37:24.443,4832443,992469.0,992800.0,0.2,3.15692,1752.04869806,2113.51939163,992800.0,83356.03906024,2592.79918544
BTC_JPY,2020-05-24T05:40:08.597,4833813,992424.0,992500.0,0.1,0.67,1750.71045267,2116.18510788,992702.0,83238.41327974,2586.36588644
BTC_JPY,2020-05-24T05:40:15.293,4833851,992424.0,992500.0,0.1,0.67,1750.79845267,2115.30510788,992702.0,83231.76084234,2585.20488644
BTC_JPY,2020-05-24T05:40:19.313,4833876,992424.0,992500.0,0.1,0.47,1749.90715267,2117.10430788,992500.0,83219.03764601,2585.40388644
BTC_JPY,2020-05-24T05:40:24.597,4833897,992424.0,992500.0,0.1,0.47,1749.90815267,2117.53380788,992500.0,83216.23734212,2585.35188644
BTC_JPY,2020-05-24T05:40:26.843,4833913,992424.0,992500.0,0.1,0.47,1749.93725267,2117.50380788,992500.0,83214.87398637,2585.35188644
BTC_JPY,2020-05-24T05:40:34.437,4833937,992424.0,992500.0,0.1,0.47,1750.58045267,2116.99380788,992500.0,83213.36758987,2585.00788644
BTC_JPY,2020-05-24T05:40:38.963,4833978,992424.0,992500.0,0.1,0.47,1749.75025267,2116.96380788,992500.0,83211.84015589,2585.00288644
BTC_JPY,2020-05-24T05:40:44.017,4834001,992424.0,992500.0,0.1,0.47,1749.76025267,2116.96380788,992500.0,83207.44619586,2585.00288644
BTC_JPY,2020-05-24T05:40:48.637,4834020,992424.0,992500.0,0.1,0.47,1749.77025267,2116.98309288,992500.0,83201.75107355,2585.00288644
BTC_JPY,2020-05-24T05:40:54.363,4834050,992424.0,992500.0,0.1,0.42,1739.77725267,2117.01509288,992500.0,83202.25531254,2584.95188644
BTC_JPY,2020-05-24T05:40:59.057,4834066,992424.0,992500.0,0.1,0.428415,1737.77725267,2117.02350788,992500.0,83198.16424312,2584.85188644
BTC_JPY,2020-05-24T05:41:04.273,4834085,992424.0,992500.0,0.1,0.208415,1741.59725267,2116.79530788,992500.0,83190.01278856,2585.07188644
BTC_JPY,2020-05-24T05:41:08.897,4834107,992424.0,992500.0,0.1,0.208415,1741.46568267,2116.77530788,992500.0,83187.91537227,2585.06188644
BTC_JPY,2020-05-24T05:41:11.663,4834117,992424.0,992500.0,0.1,0.208415,1741.46568267,2116.77530788,992500.0,83185.5280621,2585.06188644
BTC_JPY,2020-05-24T05:41:19.603,4834134,992424.0,992500.0,0.1,0.208415,1741.45568267,2116.69530788,992500.0,83184.26514714,2585.06188644
BTC_JPY,2020-05-24T05:41:23.47,4834158,992424.0,992499.0,0.1,0.4786,1751.45668267,2116.67490788,992500.0,83183.79164714,2585.06188644
BTC_JPY,2020-05-24T05:41:29.05,4834179,992424.0,992499.0,0.1,0.4786,1751.44363834,2116.65694125,992500.0,83181.52793038,2584.83788644
BTC_JPY,2020-05-24T05:41:34.2,4834201,992424.0,992500.0,0.1,0.208415,1751.91123834,2115.26774125,992500.0,83184.80987928,2584.83588644
BTC_JPY,2020-05-24T05:41:39.43,4834219,992424.0,992500.0,0.1,0.208415,1751.89223834,2114.73374125,992500.0,83183.17520651,2584.73988644
BTC_JPY,2020-05-24T05:41:43.717,4834235,992424.0,992500.0,0.1,0.208415,1751.13223834,2116.72294125,992500.0,83179.73478651,2584.72788644
BTC_JPY,2020-05-24T05:41:48.72,4834248,992424.0,992500.0,0.1,0.218415,1751.13223834,2116.89511125,992500.0,83177.70482944,2584.72788644
BTC_JPY,2020-05-24T05:41:54.663,4834284,992424.0,992500.0,0.1,0.258415,1751.13323834,2114.93440125,992500.0,83172.79809819,2584.73788644
BTC_JPY,2020-05-24T05:41:59.537,4834322,992424.0,992500.0,0.1,0.2526575,1751.71357158,2116.76466527,992500.0,83164.77443569,2584.74364394
BTC_JPY,2020-05-24T05:42:04.167,4834359,992424.0,992500.0,0.1,0.2526575,1751.66887171,2116.92864375,992500.0,83163.22653682,2584.74364394
BTC_JPY,2020-05-24T05:42:10.003,4834388,992424.0,992500.0,0.1,0.2526575,1752.15486171,2116.87664375,992500.0,83150.68534628,2584.74164394
BTC_JPY,2020-05-24T05:42:14.71,4834411,992424.0,992500.0,0.1,0.2526575,1752.15386171,2116.87664375,992500.0,83144.54693966,2584.73964394
BTC_JPY,2020-05-24T05:42:19.173,4834460,992424.0,992500.0,0.1,0.0326575,1749.25446171,2116.64800375,992500.0,83143.99415916,2584.91064394
BTC_JPY,2020-05-24T05:42:24.963,4834546,992424.0,992500.0,0.1,0.0326575,1750.67446171,2116.64800375,992500.0,83139.17933357,2584.88304394
BTC_JPY,2020-05-24T05:45:09.367,4837729,992370.0,992747.0,0.001,0.15,1751.68990355,2111.55842679,992799.0,83231.50309124,2585.90654394
BTC_JPY,2020-05-24T05:45:14.15,4837850,992370.0,992800.0,0.001,0.5,1750.12471661,2111.05835679,992736.0,83235.70406762,2586.40654394
BTC_JPY,2020-05-24T05:45:19.747,4837968,992370.0,992683.0,0.001,0.05,1750.4628902,2111.36182814,992736.0,83237.31745148,2586.40654394
BTC_JPY,2020-05-24T05:45:25.22,4838091,992370.0,992599.0,0.001,1.3e-07,1750.16431761,2111.62135042,992599.0,83240.61130650001,2586.91654394
BTC_JPY,2020-05-24T05:45:29.433,4838169,992370.0,992597.0,0.001,0.05,1750.42531774,2111.39535042,992599.0,83244.65282853,2586.91554394
BTC_JPY,2020-05-24T05:45:34.617,4838243,992370.0,992597.0,0.001,0.05,1750.52810774,2111.44985042,992599.0,83248.41683795,2586.91454394
BTC_JPY,2020-05-24T05:45:38.957,4838292,992370.0,992596.0,0.001,0.2,1750.89670774,2111.59985042,992599.0,83247.82281772,2586.91354394
BTC_JPY,2020-05-24T05:45:44.12,4838361,992019.0,992596.0,0.1,0.2,1750.40530774,2111.59985042,992599.0,83247.11681772,2586.91354394
BTC_JPY,2020-05-24T05:45:49.447,4838424,992020.0,992596.0,0.4686,0.2,1750.86390774,2111.60985042,992599.0,83246.52387566,2586.91354394
BTC_JPY,2020-05-24T05:45:54.6,4838480,992010.0,992596.0,1.0,0.2,1750.30530774,2111.48845043,992599.0,83245.10849888,2586.91354394
BTC_JPY,2020-05-24T05:45:59.94,4838571,992024.0,992596.0,0.4652,0.05,1751.32050773,2110.98699043,992013.0,83247.61387641,2586.96869855
BTC_JPY,2020-05-24T05:46:04.91,4838691,992010.0,992800.0,1.0,0.35850013,1750.47527487,2110.7101177,992772.0,83249.15087641,2587.58869855
BTC_JPY,2020-05-24T05:46:09.9,4838792,992095.0,992800.0,0.28800000000000003,0.35850013,1751.25557485,2111.0363777,992772.0,83250.08847641,2587.58869855
BTC_JPY,2020-05-24T05:46:14.64,4838918,992178.0,992868.0,0.4603,0.10850026,1751.0560635000006,2110.48652647,992868.0,83241.16669268,2585.97769855
BTC_JPY,2020-05-24T05:46:19.68,4839015,992210.0,992919.0,0.2,0.30000013,1750.57756349,2110.70802634,992868.0,83238.88912829,2585.97569855
BTC_JPY,2020-05-24T05:46:24.923,4839123,992239.0,992998.0,0.5611,0.05,1751.29521237,2110.52346547,992999.0,83238.9339578,2586.47269855
BTC_JPY,2020-05-24T05:46:30.12,4839234,992274.0,992998.0,0.28800000000000003,0.05,1750.59511237,2110.57799547,992999.0,83237.11686664,2585.91724855
BTC_JPY,2020-05-24T05:46:34.41,4839315,992280.0,992999.0,0.1,0.05,1752.37026237,2112.57859547,993000.0,83234.95928551,2586.41624855
BTC_JPY,2020-05-24T05:46:39.957,4839432,992206.0,992900.0,0.37,1.579,1754.61726237,2111.38794288,992900.0,83233.40926344,2586.41624855
BTC_JPY,2020-05-24T05:46:44.643,4839511,992245.0,992900.0,0.37,1.579,1755.13726237,2113.65794288,992900.0,83232.75329310003,2586.41624855
BTC_JPY,2020-05-24T05:46:49.253,4839592,992277.0,992900.0,0.5706,1.079,1754.70986237,2114.22494288,992900.0,83231.93926413,2586.91624855
BTC_JPY,2020-05-24T05:46:54.333,4839702,992568.0,993000.0,0.1,0.5405,1750.51296237,2108.02142288,993000.0,83227.44764815,2588.74424855
BTC_JPY,2020-05-24T05:47:00.047,4839830,992210.0,992992.0,0.5343,0.885,1750.83516238,2109.59582288,993000.0,83219.82405741,2588.24224855
BTC_JPY,2020-05-24T05:47:05.18,4839937,992253.0,992900.0,0.4895,0.1,1751.12506238,2109.19582288,992992.0,83217.61626930001,2588.74124855
BTC_JPY,2020-05-24T05:47:08.997,4840013,992272.0,992900.0,0.4895,0.099,1750.28256239,2107.29282288,992900.0,83220.8802693,2588.74124855
BTC_JPY,2020-05-24T05:47:14.617,4840129,992296.0,992909.0,0.05,0.04791,1748.65184047,2108.85650109,993000.0,83226.22827942,2589.08024855
BTC_JPY,2020-05-24T05:47:19.74,4840242,992182.0,992826.0,0.1,0.05,1749.41929851,2109.13438004,993000.0,83228.98563477,2589.06924855
BTC_JPY,2020-05-24T05:47:25.567,4840371,992193.0,992830.0,0.5894,0.32,1749.85569851,2108.55617946,993000.0,83230.62463477,2589.06824855
BTC_JPY,2020-05-24T05:50:09.75,4843513,992365.0,992733.0,0.0016,0.1,1752.14454069,2111.04152855,992365.0,83250.73729622,2589.77159469
BTC_JPY,2020-05-24T05:50:14.32,4843558,992365.0,992734.0,0.0016,0.2,1752.14454069,2111.14452855,992365.0,83259.55640412,2589.75449469
BTC_JPY,2020-05-24T05:50:19.957,4843606,992036.0,992734.0,0.4917,0.2,1753.14574069,2111.14167855,992365.0,83265.42294465,2589.75509469
BTC_JPY,2020-05-24T05:50:24.373,4843670,992024.0,992727.0,0.15,0.05,1752.25574056,2111.06717855,992365.0,83279.56060407,2589.75509469
BTC_JPY,2020-05-24T05:50:29.08,4843764,992063.0,992717.0,0.2904,0.4917,1752.57902069,2111.72737855,992365.0,83282.90668378,2589.75309469
BTC_JPY,2020-05-24T05:50:35.023,4843869,992035.0,992732.0,0.4917,0.05,1753.15032069,2112.22567855,992365.0,83287.33368378,2589.75009469
BTC_JPY,2020-05-24T05:50:40.21,4843945,992075.0,992730.0,0.37,0.1,1752.92032069,2112.26177855,992365.0,83291.38578418,2589.73809469
BTC_JPY,2020-05-24T05:50:44.19,4844023,992064.0,992720.0,0.4917,0.3864,1751.28052069,2112.26007855,992365.0,83293.19661321,2589.73509469
BTC_JPY,2020-05-24T05:50:49.2,4844114,992035.0,992710.0,0.4917,0.4857,1753.18052069,2112.31237855,992365.0,83294.78145379,2589.73309469
BTC_JPY,2020-05-24T05:50:54.69,4844244,992021.0,992844.0,0.37,0.3861,1752.01802071,2112.77077855,992365.0,83296.19960856,2589.73009469
BTC_JPY,2020-05-24T05:50:59.863,4844344,992034.0,992840.0,0.4917,0.3859,1752.38802071,2112.61257855,992365.0,83298.40620856,2589.72709469
BTC_JPY,2020-05-24T05:51:04.953,4844440,992010.0,992830.0,0.00290086,0.1,1748.6910197999994,2111.38034855,992365.0,83300.26982856,2589.72509469
BTC_JPY,2020-05-24T05:51:09.91,4844548,991897.0,992612.0,0.3329,0.4943,1749.60111984,2113.12026855,991896.0,83305.97589718,2590.31009469
BTC_JPY,2020-05-24T05:51:15.023,4844647,991934.0,992608.0,0.3321,0.15,1753.24656761,2112.88485687,991896.0,83308.42069608,2590.30409469
BTC_JPY,2020-05-24T05:51:20.16,4844730,991849.0,992399.0,0.3329,0.4934,1750.77736761,2113.46781861,991896.0,83308.26516297,2590.30209469
BTC_JPY,2020-05-24T05:51:24.253,4844800,991837.0,992390.0,0.3331,0.1,1750.28242461,2113.04441861,991896.0,83308.24900437,2590.29909469
BTC_JPY,2020-05-24T05:51:29.83,4844914,991848.0,992385.0,0.17,0.4934,1750.73382935,2113.40981861,991896.0,83308.22930437,2590.22109469
BTC_JPY,2020-05-24T05:51:34.253,4845027,991775.0,992261.0,0.05007,0.4934,1752.47788338,2113.33942179,991896.0,83327.27059601,2590.21909469
BTC_JPY,2020-05-24T05:51:40.113,4845128,991750.0,992250.0,0.05513,0.6434,1751.30964338,2114.73188947,991896.0,83355.95367106,2590.21709469
BTC_JPY,2020-05-24T05:51:45.023,4845229,991750.0,992244.0,0.05513,0.5434,1750.46252171,2114.53188947,991896.0,83362.42984286,2590.21609469
BTC_JPY,2020-05-24T05:51:49.607,4845326,991806.0,992232.0,0.04685,0.3397,1750.45424171,2114.53204947,991896.0,83366.96859778,2590.20509469
BTC_JPY,2020-05-24T05:51:54.567,4845424,991812.0,992221.0,0.04778,0.15,1747.5723717,2114.41376947,991896.0,83371.97465488,2590.20409469
BTC_JPY,2020-05-24T05:52:00.21,4845534,991814.0,992399.0,0.4934,0.1,1752.11352368,2114.88174947,991896.0,83379.88161775,2590.20409469
BTC_JPY,2020-05-24T05:52:04.21,4845604,991813.0,992397.0,0.15,0.05,1751.54352355,2114.06574947,991896.0,83379.99991677,2590.20309469
BTC_JPY,2020-05-24T05:52:09.623,4845693,991827.0,992397.0,0.15,0.05,1751.18692368,2114.16455947,991896.0,83380.19991677,2590.20309469
BTC_JPY,2020-05-24T05:52:13.85,4845747,991834.0,992400.0,0.4934,0.05156174,1751.53032368,2113.11455947,991896.0,83381.41081032,2590.20209469
BTC_JPY,2020-05-24T05:52:19.16,4845804,991845.0,992400.0,0.4934,0.05156174,1751.72732368,2113.20615947,991896.0,83383.49705529,2590.20209469
BTC_JPY,2020-05-24T05:52:24.727,4845856,991812.0,992398.0,0.04778,0.40000013,1752.80152368,2112.00096947,991896.0,83383.68005529,2590.20109469
BTC_JPY,2020-05-24T05:55:10.403,4848017,991883.0,992400.0,0.2,0.05156174,1749.68226222,2109.79706891,991823.0,83396.2162982,2589.44089469
BTC_JPY,2020-05-24T05:55:14.143,4848114,991900.0,992398.0,0.0625,0.1,1750.03076222,2111.73526891,991888.0,83396.56908710001,2589.45789469
BTC_JPY,2020-05-24T05:55:20.333,4848245,991911.0,992399.0,0.198,0.4882,1749.91146222,2111.73526891,991911.0,83398.5510871,2589.45589469
BTC_JPY,2020-05-24T05:55:24.587,4848322,991928.0,992397.0,0.05,0.4882,1749.72866222,2111.58126891,991911.0,83397.68790275,2589.45489469
BTC_JPY,2020-05-24T05:55:29.743,4848388,991813.0,992398.0,0.0632,0.30000013,1759.72426222,2121.06306891,991928.0,83394.50824267,2589.26089469
BTC_JPY,2020-05-24T05:55:33.99,4848453,991853.0,992397.0,0.05,0.1,1759.97466222,2121.16676891,991928.0,83377.84794409,2589.22889469
BTC_JPY,2020-05-24T05:55:39.583,4848559,991907.0,992397.0,0.05,0.1,1759.89606222,2121.13676891,991864.0,83373.66412011,2589.27709469
BTC_JPY,2020-05-24T05:55:44.673,4848623,991939.0,992397.0,0.0667,0.1,1759.81276222,2121.13676891,991864.0,83373.13355203,2589.27509469
BTC_JPY,2020-05-24T05:55:49.437,4848708,991827.0,992395.0,0.2,0.1,1759.96306222,2121.24516891,991864.0,83371.59242203,2589.27409469
BTC_JPY,2020-05-24T05:55:55.053,4848832,991838.0,992397.0,0.0658,0.1,1760.81390222,2120.62696891,991864.0,83370.74042203,2589.27409469
BTC_JPY,2020-05-24T05:55:58.957,4848912,991867.0,992400.0,0.2118,0.05156174,1760.94990222,2121.14516891,991864.0,83371.00503366,2589.26409469
BTC_JPY,2020-05-24T05:56:04.787,4849041,991888.0,992397.0,0.05,0.1,1759.94320224,2121.0390874,991864.0,83367.07640502,2589.26409469
BTC_JPY,2020-05-24T05:56:10.01,4849131,991825.0,992393.0,0.15,0.05,1760.42350223,2121.1767474,991864.0,83360.04766779,2589.26409469
BTC_JPY,2020-05-24T05:56:14.083,4849176,991871.0,992393.0,0.0642,0.15,1761.18770223,2121.2767473999997,991864.0,83359.72623587,2589.26409469
BTC_JPY,2020-05-24T05:56:19.7,4849223,991871.0,992395.0,0.0642,0.1,1761.16953223,2120.7297574,991864.0,83358.79007645,2589.26409469
BTC_JPY,2020-05-24T05:56:24.327,4849332,991878.0,992399.0,0.05,0.4882,1761.26403223,2120.81295727,991864.0,83358.91007645,2589.26409469
BTC_JPY,2020-05-24T05:56:28.903,4849432,991871.0,992395.0,0.0688,0.4882,1761.15413223,2121.2629574000002,991864.0,83358.54807645,2589.25409469
BTC_JPY,2020-05-24T05:56:34.82,4849519,991870.0,992389.0,0.9,0.5382,1764.44043223,2121.1629574,991864.0,83347.31264017,2589.25309469
BTC_JPY,2020-05-24T05:56:39.737,4849612,991870.0,992380.0,0.9,0.1,1763.69204861,2120.6712874,991864.0,83342.40355689,2588.95209456
BTC_JPY,2020-05-24T05:56:44.843,4849707,991870.0,992000.0,0.9,0.5148,1764.47553223,2122.5426274,991864.0,83342.51932865,2588.95109456
BTC_JPY,2020-05-24T05:56:48.73,4849730,991870.0,992000.0,0.9,0.5148,1762.78553223,2123.3706874,991864.0,83344.60563165,2588.95109456
BTC_JPY,2020-05-24T05:56:53.513,4849750,991870.0,992000.0,0.898,0.5148,1764.34855223,2124.7506874,991870.0,83339.64164114,2588.95309456
BTC_JPY,2020-05-24T05:56:59.9,4849761,991870.0,992000.0,0.898,0.5148,1763.35955223,2124.7506874,991870.0,83338.26164114,2588.95309456
BTC_JPY,2020-05-24T05:57:04.337,4849773,991870.0,992000.0,0.898,0.5148,1763.36955223,2124.450687400001,991870.0,83337.74850662,2588.95309456
BTC_JPY,2020-05-24T05:57:08.757,4849783,991870.0,992000.0,0.898,0.5148,1763.91955224,2124.450687400001,991870.0,83331.06241063,2588.94840456
BTC_JPY,2020-05-24T05:57:14.18,4849800,991870.0,992000.0,0.898,0.5148,1763.90955125,2124.45068641,991870.0,83320.10767939,2588.37690356
BTC_JPY,2020-05-24T05:57:17.687,4849810,991870.0,992000.0,0.898,0.5148,1763.89955125,2124.46068641,991870.0,83317.51767939,2588.37690356
BTC_JPY,2020-05-24T05:57:23.973,4849828,991870.0,992000.0,0.898,0.5148,1763.87515125,2124.22568641,991870.0,83318.31540047,2588.37690356
BTC_JPY,2020-05-24T06:00:10.497,4851503,992700.0,992754.0,0.2,0.956,1763.78067247,2105.44937147,992754.0,83373.42428043,2582.08313361
BTC_JPY,2020-05-24T06:00:14.427,4851572,992803.0,992849.0,0.30000013,1.0,1762.73147248,2115.37920495,992754.0,83409.65470737,2583.02913361
BTC_JPY,2020-05-24T06:00:19.597,4851666,992851.0,993324.0,0.30000013,0.1,1763.71237246,2110.72853495,993000.0,83438.44232684,2586.46313361
BTC_JPY,2020-05-24T06:00:24.823,4851817,993037.0,993324.0,0.35,0.1,1764.36493185,2112.20635164,993000.0,83457.89910442,2586.46313361
BTC_JPY,2020-05-24T06:00:29.083,4851922,993058.0,993324.0,0.05,0.1,1764.27979033,2112.34355177,993000.0,83476.85096249,2586.06213361
BTC_JPY,2020-05-24T06:00:34.227,4852031,993079.0,993324.0,0.3,0.1,1763.98482033,2112.36355164,993000.0,83459.82198683,2584.15839304
BTC_JPY,2020-05-24T06:00:39.757,4852117,993089.0,993324.0,0.24,0.1,1764.35782033,2112.66548177,993000.0,83462.13518284,2574.29561559
BTC_JPY,2020-05-24T06:00:44.083,4852207,993096.0,993324.0,0.1,1e-05,1763.54632442,2111.85549177,993324.0,83466.30168782,2574.49460559
BTC_JPY,2020-05-24T06:00:49.333,4852300,993100.0,993499.0,0.1,0.4779,1761.2439243,2112.37206164,993314.0,83496.09791431,2573.97373559
BTC_JPY,2020-05-24T06:00:55.05,4852405,992968.0,993261.0,0.2,0.04633,1751.88062632,2113.46979586,993313.0,83523.16001893,2574.48061088
BTC_JPY,2020-05-24T06:00:59.05,4852475,992971.0,993499.0,0.2,0.30000013,1762.04562645,2113.42411013,993261.0,83534.04341672,2574.30060088
BTC_JPY,2020-05-24T06:01:04.903,4852588,992810.0,993443.0,0.2,0.05326,1760.72157053,2114.00057,993302.0,83543.22958953,2574.36460088
BTC_JPY,2020-05-24T06:01:08.663,4852681,993175.0,993443.0,0.2,0.03354,1761.18417054,2114.03085194,993443.0,83554.78932253,2573.47458988
BTC_JPY,2020-05-24T06:01:14.413,4852738,993175.0,993489.0,0.2,0.1,1762.50244716,2105.62311194,993471.0,83614.47145257,2573.49457988
BTC_JPY,2020-05-24T06:01:19.7,4852827,993471.0,993488.0,0.05,0.1,1762.29144729,2106.63798936,993499.0,83660.81143505,2573.53456988
BTC_JPY,2020-05-24T06:01:24.74,4852920,993096.0,993477.0,0.2,0.1,1762.88244729,2105.06010394,993488.0,83693.17183559,2573.61455988
BTC_JPY,2020-05-24T06:01:30.027,4852991,993097.0,993403.0,0.2,0.1,1762.85704729,2114.88629407,993414.0,83715.36203556,2573.53454988
BTC_JPY,2020-05-24T06:01:33.933,4853027,993099.0,993403.0,0.2,0.08001,1762.75814729,2114.94900407,993403.0,83727.52917607,2573.53453988
BTC_JPY,2020-05-24T06:01:39.44,4853152,992964.0,993231.0,0.2,0.03281,1760.69694688,2117.31651894,993231.0,83740.03665414,2573.68364887
BTC_JPY,2020-05-24T06:01:44.19,4853284,992971.0,993403.0,0.4731,0.08001,1751.24184701,2106.90228408,993292.0,83741.09647358,2573.70363887
BTC_JPY,2020-05-24T06:01:49.883,4853408,992988.0,993403.0,0.4731,0.05002,1760.49458645,2118.80501493,993403.0,83734.53979327,2573.73262887
BTC_JPY,2020-05-24T06:01:55.12,4853487,992999.0,993403.0,0.4731,0.03003,1751.76498645,2118.83445493,993403.0,83720.39295732,2573.25161887
BTC_JPY,2020-05-24T06:01:59.953,4853578,993009.0,993403.0,0.2,0.01004,1751.65388645,2118.18372178,993403.0,83719.49942662,2573.23160887
BTC_JPY,2020-05-24T06:02:04.773,4853680,993019.0,993477.0,0.2,0.1,1751.93416814,2107.36956178,993448.0,83719.82260372,2573.15159887
BTC_JPY,2020-05-24T06:02:10.017,4853832,993468.0,993650.0,0.31,0.00201,1754.69410306,2112.86094052,993650.0,83737.22674948,2574.77645896
BTC_JPY,2020-05-24T06:02:14.973,4853972,993490.0,993899.0,0.7235,0.73202,1766.43373452,2113.88715916,993899.0,83750.44015618,2574.86744896
BTC_JPY,2020-05-24T06:02:19.597,4854122,994131.0,994190.0,0.15,0.6050085,1755.84371548,2106.32967426,994190.0,83771.74459373,2577.00846056
BTC_JPY,2020-05-24T06:02:24.123,4854226,994191.0,994314.0,0.2,0.03396402,1766.37675125,2093.86764563,994314.0,83775.32632436,2577.15449654
BTC_JPY,2020-05-24T06:05:10.177,4858388,999702.0,999889.0,0.15,0.1,1773.08452793,2068.63665085,999888.0,84407.18206458,2630.28323448
BTC_JPY,2020-05-24T06:05:14.827,4858473,999719.0,999900.0,0.05,0.152,1763.99352794,2058.33690953,999889.0,84413.90627584,2630.4594209
BTC_JPY,2020-05-24T06:05:19.94,4858615,999003.0,999600.0,0.4855,0.1,1771.89147598,2055.06298281,999601.0,84435.24322629,2632.52287459
BTC_JPY,2020-05-24T06:05:25.153,4858737,999216.0,999601.0,1.0,0.049997,1773.29817598,2056.34597292,999601.0,84467.0992435,2632.55287759
BTC_JPY,2020-05-24T06:05:29.693,4858852,999606.0,999900.0,0.2,0.152,1762.27742536,2066.92380662,999601.0,84480.49381362,2632.60287459
BTC_JPY,2020-05-24T06:05:34.507,4858913,999610.0,999900.0,0.2,0.132,1763.4563529,2066.07699302,999900.0,84496.11914064,2632.62287459
BTC_JPY,2020-05-24T06:05:39.853,4859045,999000.0,999219.0,2.764001,0.0323244,1747.98184682,2059.03072956,999000.0,84515.44692144,2636.47793361
BTC_JPY,2020-05-24T06:05:44.64,4859163,998743.0,999292.0,0.15,0.309,1746.1666549000001,2063.53165018,999000.0,84546.55059158,2639.23193461
BTC_JPY,2020-05-24T06:05:50.267,4859311,999000.0,999251.0,0.038,0.6251,1755.08064541,2076.71140298,999000.0,84561.11118465,2639.28093461
BTC_JPY,2020-05-24T06:05:54.547,4859406,998755.0,998999.0,0.15,0.6251,1765.21064542,2075.62440298,999000.0,84584.23024424,2639.33893461
BTC_JPY,2020-05-24T06:05:59.743,4859541,998373.0,998635.0,0.027999999999999997,0.0059,1764.74275104,2076.13800472,998749.0,84595.28327129,2640.04893461
BTC_JPY,2020-05-24T06:06:04.753,4859686,998027.0,998821.0,0.2278,0.1,1767.35453016,2075.1503734000007,998748.0,84600.46085901,2641.11083461
BTC_JPY,2020-05-24T06:06:09.227,4859859,998456.0,998943.0,1.0,0.1,1760.18135891,2072.99012491,998823.0,84606.75236229,2642.4110366
BTC_JPY,2020-05-24T06:06:14.417,4860048,999122.0,999174.0,0.1,0.1,1758.75925734,2069.66198371,999135.0,84626.01302894,2644.48521659
BTC_JPY,2020-05-24T06:06:19.407,4860159,998887.0,999174.0,0.05,0.1,1755.43641851,2060.13298426,998886.0,84626.17848346,2644.68924878
BTC_JPY,2020-05-24T06:06:24.847,4860328,998777.0,999431.0,0.25,0.5079,1766.59301752,2071.04554594,998887.0,84641.6147834,2643.21824769
BTC_JPY,2020-05-24T06:06:29.697,4860482,999027.0,999550.0,0.3,0.2,1766.92453942,2070.51091342,998887.0,84666.74786469,2643.21524769
BTC_JPY,2020-05-24T06:06:34.143,4860593,999292.0,999550.0,0.02,0.1,1766.13106927,2069.46681356,999072.0,84678.24074867,2643.41524769
BTC_JPY,2020-05-24T06:06:39.56,4860691,999303.0,999550.0,0.05,0.08,1757.1242994000006,2062.87637446,999302.0,84696.1626,2643.3902153999998
BTC_JPY,2020-05-24T06:06:44.92,4860824,999293.0,999550.0,0.05,0.08,1759.22976172,2074.78733446,999302.0,84699.9489253,2643.3902153999998
BTC_JPY,2020-05-24T06:06:50.007,4860919,999302.0,999550.0,0.017,0.08,1757.9217616,2074.68251285,999302.0,84712.48353856,2644.0832154
BTC_JPY,2020-05-24T06:06:55.177,4861017,999084.0,999410.0,1.0,0.095,1768.11627354,2052.77025084,999410.0,84730.73262533,2644.1252154
BTC_JPY,2020-05-24T06:06:59.457,4861058,999084.0,999421.0,1.0,0.32,1768.42151825,2062.60523324,999410.0,84724.71209661,2644.1252154
BTC_JPY,2020-05-24T06:07:04.213,4861091,998883.0,999410.0,1.0,0.1,1767.8992156,2065.33695771,999084.0,84730.53095787,2644.64525533
BTC_JPY,2020-05-24T06:07:09.247,4861198,998841.0,999410.0,0.5176,0.2,1769.08786873,2065.92622299,999084.0,84733.8975876,2644.64525533
BTC_JPY,2020-05-24T06:07:15.007,4861264,999000.0,999084.0,0.05,1.0,1768.74497088,2066.80622299,999084.0,84741.57754935,2644.64525533
BTC_JPY,2020-05-24T06:07:19.237,4861328,999000.0,999300.0,0.05,0.5,1769.06666872,2065.78312071,999084.0,84758.56531423,2645.64525533
BTC_JPY,2020-05-24T06:07:24.463,4861454,999294.0,999550.0,1.0,0.08,1760.10394112,2055.56032534,999410.0,84763.30812978,2646.29725533
BTC_JPY,2020-05-24T06:10:04.33,4864706,1000393.0,1000399.0,20.38300546,0.3,1842.1209303,2048.1553508,1000393.0,85270.26457323,2744.51313103
BTC_JPY,2020-05-24T06:10:09.32,4864834,1000393.0,1000650.0,9.46520534,0.31,1820.71112577,2059.69345681,1000393.0,85300.55323156,2756.29993115
BTC_JPY,2020-05-24T06:10:14.16,4864940,1000395.0,1000580.0,0.5,0.2,1822.61516173,2052.90319531,1000395.0,85318.6131147,2758.00592678
BTC_JPY,2020-05-24T06:10:19.357,4865048,1000393.0,1000563.0,5.61535534,0.31,1827.36896359,2061.10903486,1000393.0,85338.76573159,2762.15160615
BTC_JPY,2020-05-24T06:10:24.737,4865162,1000395.0,1000535.0,0.940004,0.50000013,1838.44151,2061.37845663,1000395.0,85342.96251911,2765.9588188
BTC_JPY,2020-05-24T06:10:29.83,4865222,1000500.0,1000529.0,0.1,0.2,1859.82682862,2060.35515663,1000393.0,85362.20923079,2768.9888158000012
BTC_JPY,2020-05-24T06:10:35.123,4865343,1000395.0,1000498.0,0.19890474,0.50000013,1857.81401432,2052.37757225,1000395.0,85379.70867453,2774.93871848
BTC_JPY,2020-05-24T06:10:39.327,4865404,1000395.0,1000494.0,0.18890574,0.31,1867.18043554,2062.71165663,1000395.0,85385.94756479,2774.94671748
BTC_JPY,2020-05-24T06:10:44.523,4865482,1000265.0,1000363.0,19.260005,0.30000013,1878.87296132,2063.24447777,1000364.0,85390.88490252,2775.21561822
BTC_JPY,2020-05-24T06:10:49.663,4865544,1000265.0,1000354.0,12.2050105,0.15,1880.61796682,2062.61447777,1000265.0,85402.45073693,2782.26961272
BTC_JPY,2020-05-24T06:10:54.453,4865593,1000358.0,1000394.0,0.060001,0.50000013,1880.10397232,2062.97177225,1000358.0,85407.90919602,2782.85460735
BTC_JPY,2020-05-24T06:10:59.613,4865642,1000358.0,1000389.0,0.014922,0.2,1887.9468782,2063.23446265,1000358.0,85414.02168699,2782.88968635
BTC_JPY,2020-05-24T06:11:04.957,4865700,1000265.0,1000357.0,9.4350355,0.2,1891.42728617,2063.21054052,1000265.0,85421.36062179,2786.62958785
BTC_JPY,2020-05-24T06:11:09.953,4865823,1000265.0,1000342.0,4.06849469,0.03,1887.10545088,2062.42575012,1000265.0,85440.16517276,2792.09612866
BTC_JPY,2020-05-24T06:11:14.46,4865877,1000265.0,1000338.0,3.95849669,0.31,1884.82745301,2062.80735577,1000265.0,85443.71371943,2792.20612666
BTC_JPY,2020-05-24T06:11:18.96,4865947,1000333.0,1000350.0,0.5,0.01,1885.98345562,2062.27155577,1000300.0,85454.42620167,2794.64112392
BTC_JPY,2020-05-24T06:11:22.863,4866017,1000265.0,1000332.0,0.44477243,0.05,1874.69472861,2048.08187133,1000332.0,85467.52125814,2800.41092705
BTC_JPY,2020-05-24T06:11:29.127,4866157,1000334.0,1000999.0,0.6371020000000001,0.28800000000000003,1869.79028131,2054.68107226,1000882.0,85507.97348966,2802.47952105
BTC_JPY,2020-05-24T06:11:34.88,4866332,1001115.0,1001300.0,0.49610499,0.156,1871.14020791,2041.29423923,1001115.0,85531.92287555,2809.32370624
BTC_JPY,2020-05-24T06:11:39.187,4866445,1000403.0,1001297.0,0.2,0.2,1870.3309606,2055.09151944,1000392.0,85543.66590263,2810.00970123
BTC_JPY,2020-05-24T06:11:44.61,4866655,1000458.0,1001068.0,0.700601,0.87238883,1761.97261126,2058.42800705,1000458.0,85557.04263262,2810.15969123
BTC_JPY,2020-05-24T06:11:50.06,4866787,1000541.0,1001071.0,0.8082,0.1,1752.14261095,2056.57548489,1000540.0,85563.48211966,2811.01968123
BTC_JPY,2020-05-24T06:11:54.77,4866924,1000457.0,1001443.0,0.43000199,0.1883,1762.08640882,2054.28096505,1000555.0,85579.79603385,2822.85681418
BTC_JPY,2020-05-24T06:11:59.003,4867054,1000654.0,1001110.0,0.5287,0.1,1753.33810996,2057.13686505,1000653.0,85581.24427762,2825.92680718
BTC_JPY,2020-05-24T06:12:04.953,4867194,1000695.0,1001107.0,0.1,0.15,1761.1732028,2043.82755211,1001099.0,85587.97248732,2826.31680618
BTC_JPY,2020-05-24T06:12:09.81,4867254,1000928.0,1001303.0,0.0705,0.03,1762.64823278,2056.19812271,1000928.0,85597.20346408,2826.64427619
BTC_JPY,2020-05-24T06:12:14.983,4867360,1001601.0,1001684.0,0.297,0.001,1754.0627967,2042.72742109,1001599.0,85618.89480021,2835.13161232
BTC_JPY,2020-05-24T06:12:20.027,4867444,1001599.0,1001679.0,0.23778172,0.15,1763.37240337,2053.03094156,1001599.0,85617.31280116,2837.43149447
BTC_JPY,2020-05-24T06:15:04.45,4871123,1001575.0,1001630.0,0.30000013,0.46000001,1767.69981062,2040.28815754,1001630.0,85658.87319628,2861.65848275
BTC_JPY,2020-05-24T06:15:09.19,4871238,1001957.0,1002221.0,0.44249999,0.05,1757.14107917,2040.59671516,1001957.0,85667.75782148,2863.35747225
BTC_JPY,2020-05-24T06:15:14.58,4871302,1001957.0,1002220.0,0.42249999,0.1,1768.04490993,2042.50655212,1001957.0,85683.74216777,2863.38747225
BTC_JPY,2020-05-24T06:15:19.933,4871389,1001958.0,1002220.0,0.6855,0.1,1767.53881008,2044.82272136,1001957.0,85694.52179977,2864.40747225
BTC_JPY,2020-05-24T06:15:24.763,4871512,1002255.0,1002510.0,0.05001051,0.001,1759.37362985,2029.789904,1002500.0,85725.54063306,2868.03947225
BTC_JPY,2020-05-24T06:15:29.453,4871617,1002224.0,1002679.0,0.04001051,0.05998949,1768.84307665,2042.46040597,1002223.0,85748.43766418,2868.66447125
BTC_JPY,2020-05-24T06:15:34.52,4871731,1002223.0,1002600.0,0.2,0.125,1758.0972034000001,2032.57769468,1002224.0,85757.25884566,2869.07447125
BTC_JPY,2020-05-24T06:15:38.52,4871823,1002226.0,1002400.0,0.7033,0.2,1767.70097073,2034.57150597,1002600.0,85764.35489343,2869.20947125
BTC_JPY,2020-05-24T06:15:44.043,4871917,1002477.0,1002680.0,0.32,0.52611025,1765.83870389,2044.09937771,1002680.0,85769.73450808,2870.07433401
BTC_JPY,2020-05-24T06:15:49.863,4872028,1002225.0,1002647.0,0.3,0.1,1767.36119965,2043.58003974,1002680.0,85780.37926802,2870.47133401
BTC_JPY,2020-05-24T06:15:54.793,4872135,1002002.0,1002659.0,0.05,0.03,1767.79249965,2044.07825464,1002000.0,85796.28479096,2872.49133401
BTC_JPY,2020-05-24T06:16:00.127,4872281,1002099.0,1002574.0,0.1,0.7070000000000001,1765.47639321,2046.49739706,1001801.0,85805.39704716,2874.38133401
BTC_JPY,2020-05-24T06:16:03.983,4872389,1001734.0,1002079.0,0.1,0.02,1753.99431234,2037.20615379,1001723.0,85819.60905864,2874.63053401
BTC_JPY,2020-05-24T06:16:09.58,4872537,1001598.0,1002000.0,0.05,0.005,1764.2438772,2048.44985855,1001735.0,85827.95138708,2875.71853401
BTC_JPY,2020-05-24T06:16:14.65,4872665,1002079.0,1002230.0,9.825,0.03,1774.8728214000002,2046.86548987,1002010.0,85832.04274438,2875.21153501
BTC_JPY,2020-05-24T06:16:19.413,4872755,1002091.0,1002533.0,0.1,0.1,1773.98123994,2045.93267733,1002230.0,85844.801961,2875.74153501
BTC_JPY,2020-05-24T06:16:24.727,4872923,1002680.0,1002735.0,0.17800000000000002,0.11,1785.54315496,2034.5942046,1002680.0,85846.24098394,2876.57673969
BTC_JPY,2020-05-24T06:16:30.21,4873083,1002080.0,1002723.0,0.1,0.39,1774.00942156,2038.08546167,1002680.0,85855.65148685,2877.35473969
BTC_JPY,2020-05-24T06:16:34.603,4873188,1002111.0,1002538.0,0.5,0.1,1774.84283205,2035.74354803,1002112.0,85860.94962765,2877.47473969
BTC_JPY,2020-05-24T06:16:40.06,4873286,1002111.0,1002720.0,0.499,0.1,1774.68670156,2047.56040735,1002111.0,85869.23946960001,2877.47573969
BTC_JPY,2020-05-24T06:16:44.84,4873380,1002112.0,1002537.0,0.6685,0.171,1774.67498217,2038.05381315,1002112.0,85887.86780086,2877.47573969
BTC_JPY,2020-05-24T06:16:49.243,4873437,1002111.0,1002537.0,0.499,0.171,1773.32758637,2036.06613315,1002112.0,85900.71537879,2877.47373969
BTC_JPY,2020-05-24T06:16:55.03,4873538,1002112.0,1002523.0,0.6614,0.03,1784.96039187,2045.48072735,1002112.0,85907.46224082,2877.56523969
BTC_JPY,2020-05-24T06:16:59.747,4873630,1002120.0,1002523.0,0.15,0.03,1774.06639187,2036.40443299,1002112.0,85912.47491748,2877.45373869
BTC_JPY,2020-05-24T06:17:05.27,4873751,1002113.0,1002523.0,0.05,0.03,1781.13999201,2047.38042367,1002112.0,85898.46574909,2877.45273869
BTC_JPY,2020-05-24T06:17:10.003,4873832,1002114.0,1002522.0,0.2,0.1,1785.26538777,2047.62471803,1002111.0,85892.18871242,2878.64273869
BTC_JPY,2020-05-24T06:17:14.55,4873921,1002111.0,1002521.0,0.1668,0.01,1784.14748806,2037.28032203,1002111.0,85904.21689693,2878.64273869
BTC_JPY,2020-05-24T06:17:19.163,4874011,1002113.0,1002522.0,0.05,0.1,1782.78408806,2037.63207115,1002111.0,85913.56441218,2878.64273869
BTC_JPY,2020-05-24T06:20:04.46,4875388,1001750.0,1002055.0,0.33501676,0.6854,1766.16762064,2049.06247852,1001750.0,86061.79402549,2901.52064463
BTC_JPY,2020-05-24T06:20:09.62,4875463,1001750.0,1002041.0,0.13501676,0.03,1766.01902064,2047.10957852,1001750.0,86064.27652926,2901.32853754
BTC_JPY,2020-05-24T06:20:14.363,4875527,1001574.0,1001749.0,0.1,0.1,1762.75670388,2048.30606176,1001750.0,86068.86114062,2900.603554300001
BTC_JPY,2020-05-24T06:20:18.673,4875619,1000771.0,1001563.0,0.2,0.29,1761.79816733,2041.45800521,1001500.0,86077.89611463,2900.7745543
BTC_JPY,2020-05-24T06:20:25.303,4875796,1000968.0,1001525.0,0.7147,1.0,1761.91749787,2040.5548359,1001415.0,86090.00658214,2901.4995543
BTC_JPY,2020-05-24T06:20:29.107,4875884,1000975.0,1001655.0,0.1,0.2434,1752.85479787,2037.5380359,1001525.0,86109.22093103,2902.3195543
BTC_JPY,2020-05-24T06:20:34.82,4876055,1000784.0,1001596.0,0.15,0.03,1750.86067446,2046.81319853,1001000.0,86107.75648533,2902.3755543
BTC_JPY,2020-05-24T06:20:39.093,4876170,1000789.0,1001550.0,0.15,0.05,1753.12926051,2037.54307899,1001000.0,86105.11110634,2902.3755543
BTC_JPY,2020-05-24T06:20:43.977,4876283,1000743.0,1000754.0,0.44999999,0.0215,1751.80116497,2047.34171282,1000754.0,86112.5091472,2902.7855543
BTC_JPY,2020-05-24T06:20:50.08,4876491,1000616.0,1001328.0,1.2545,0.29,1764.98307891,2037.66901896,1000754.0,86119.36416582,2902.8070543000013
BTC_JPY,2020-05-24T06:20:54.037,4876588,1000616.0,1001204.0,1.2545,0.6491,1754.97947891,2035.13901896,1000754.0,86117.41728955,2902.8070543000013
BTC_JPY,2020-05-24T06:21:00.07,4876758,1000616.0,1001107.0,0.8755,0.15,1766.51567562,2044.79591895,1000616.0,86122.06934894,2903.3970543
BTC_JPY,2020-05-24T06:21:05.233,4876875,1000616.0,1001064.0,0.8755,0.7525,1763.33147151,2047.02722882,1000699.0,86134.39700529,2904.407054300001
BTC_JPY,2020-05-24T06:21:09.697,4876951,1000616.0,1000699.0,0.8255,0.06226327,1765.09887164,2046.05949222,1000699.0,86146.94946825,2904.49479103
BTC_JPY,2020-05-24T06:21:14.927,4877064,1000754.0,1001180.0,0.5,0.1,1767.30492044,2033.31943789,1000699.0,86176.03084583,2904.4470533000012
BTC_JPY,2020-05-24T06:21:19.51,4877160,1000616.0,1000754.0,0.9255,0.02,1767.02976327,2034.29593776,1000699.0,86190.54222212,2906.8670533000004
BTC_JPY,2020-05-24T06:21:24.707,4877270,1000617.0,1001088.0,0.05,0.03,1765.78376326,2045.28293789,1000699.0,86196.62757629,2907.987053300001
BTC_JPY,2020-05-24T06:21:29.867,4877356,1000617.0,1000754.0,0.2,0.1,1767.04586326,2043.48343789,1000699.0,86204.49380817,2908.0860533000005
BTC_JPY,2020-05-24T06:21:33.957,4877424,1000616.0,1000699.0,0.8255,0.9,1766.36186327,2047.08393789,1000699.0,86205.88321396,2908.085053300001
BTC_JPY,2020-05-24T06:21:39.753,4877442,1000600.0,1000616.0,0.5855,0.01,1766.6492283,2047.33393789,1000616.0,86212.04381294,2909.0950533000005
BTC_JPY,2020-05-24T06:21:44.633,4877497,1000600.0,1000699.0,0.5768,0.9,1756.66136321,2046.02444125,1000616.0,86217.5399597,2909.113753300001
BTC_JPY,2020-05-24T06:21:49.47,4877589,1000500.0,1000600.0,0.11,0.93934577,1754.61580211,2047.25587353,1000600.0,86229.4633386,2911.40340753
BTC_JPY,2020-05-24T06:21:54.817,4877694,1000500.0,1000600.0,0.01,0.00934577,1765.67695317,2044.3752932,1000502.0,86233.94007492,2912.18340753
BTC_JPY,2020-05-24T06:21:59.043,4877773,1000428.0,1000600.0,0.05,0.00934577,1765.18795317,2044.9406932,1000500.0,86237.45086808,2912.19340753
BTC_JPY,2020-05-24T06:22:04.363,4877840,1000427.0,1000600.0,0.23999999,0.00934577,1765.12198129,2047.07923742,1000427.0,86272.25634746,2912.42052386
BTC_JPY,2020-05-24T06:22:09.53,4877886,1000246.0,1000427.0,0.24979999,0.30000001,1763.9087511,2047.41958912,1000246.0,86283.69591174,2912.86072385
BTC_JPY,2020-05-24T06:22:14.947,4877969,1000000.0,1000426.0,0.1300001,0.6531,1752.04365214,2036.78731856,1000246.0,86286.47536934,2912.86072385
BTC_JPY,2020-05-24T06:22:20.157,4878124,1000000.0,1000312.0,0.0300001,0.1,1753.43856135,2047.78016088,1000000.0,86317.45418266,2912.91072385
BTC_JPY,2020-05-24T06:25:03.977,4880603,999613.0,999999.0,0.05,0.03150935,1768.79720521,2064.59377845,999999.0,86391.83522573,2918.9819621
BTC_JPY,2020-05-24T06:25:09.727,4880637,999619.0,999999.0,0.05,1.03150935,1769.15560521,2064.81477845,999999.0,86395.47284091,2918.9819621
BTC_JPY,2020-05-24T06:25:15.277,4880684,999626.0,999999.0,0.2,1.69150935,1770.29136218,2065.48477845,999999.0,86372.82289051,2918.8809621
BTC_JPY,2020-05-24T06:25:19.613,4880734,999630.0,999999.0,0.2,1.69150935,1769.98252798,2063.14138258,999999.0,86373.38002399,2918.8809621
BTC_JPY,2020-05-24T06:25:25.067,4880788,999634.0,999999.0,0.2,0.69150935,1765.16312811,2064.17138258,999999.0,86373.37217636,2918.8699631
BTC_JPY,2020-05-24T06:25:29.41,4880858,999640.0,999999.0,0.15,0.70150935,1766.47791457,2064.99138258,999999.0,86375.87217636,2918.8699631
BTC_JPY,2020-05-24T06:25:34.167,4880918,999647.0,999999.0,0.05,0.70150935,1767.82177047,2063.99138258,999999.0,86371.07560223,2918.6799621
BTC_JPY,2020-05-24T06:25:39.323,4881017,1000288.0,1000427.0,0.3,15.24600001,1768.50549123,2053.62291157,1000427.0,86386.81559258,2923.99932245
BTC_JPY,2020-05-24T06:25:45.033,4881202,1000756.0,1001498.0,0.5883,0.6675,1759.22630533,2028.16215264,1001489.0,86423.18359981,2940.94632285
BTC_JPY,2020-05-24T06:25:50.15,4881316,1000768.0,1001475.0,0.2,0.6675,1768.99479787,2041.01908988,1001489.0,86437.1145138,2940.94632285
BTC_JPY,2020-05-24T06:25:54.563,4881418,1000689.0,1001500.0,0.3,0.21,1771.69844166,2043.09151555,1001451.0,86447.27859871,2942.70082285
BTC_JPY,2020-05-24T06:25:59.17,4881534,1000718.0,1001385.0,0.2,0.6422,1769.14762573,2043.88671556,1000713.0,86457.05746322,2942.72082285
BTC_JPY,2020-05-24T06:26:04.573,4881663,1001000.0,1001344.0,0.5,0.1,1771.18962573,2042.14564157,1001401.0,86462.04376130001,2943.02082298
BTC_JPY,2020-05-24T06:26:09.09,4881716,1001003.0,1001244.0,0.1,0.04999987,1770.1733255999998,2038.57564157,1001244.0,86466.80806898,2943.32082311
BTC_JPY,2020-05-24T06:26:14.27,4881770,1001011.0,1001244.0,0.1,0.04999987,1770.60432573,2038.92514157,1001244.0,86467.63120677,2943.03180003
BTC_JPY,2020-05-24T06:26:19.86,4881866,1000714.0,1001344.0,0.50180699,0.1,1766.5044208000006,2043.0501312,1000714.0,86472.13145342,2944.04519304
BTC_JPY,2020-05-24T06:26:24.38,4881975,1000715.0,1001176.0,0.05,0.1,1768.0090303,2041.01402028,1000714.0,86493.21020446,2943.84519304
BTC_JPY,2020-05-24T06:26:30.063,4882087,1000726.0,1001354.0,0.15,0.309,1766.39428387,2041.53615605,1000724.0,86495.9463105,2943.95519304
BTC_JPY,2020-05-24T06:26:33.993,4882177,1000502.0,1001017.0,0.2,0.6224,1766.88791639,2042.12162822,1000727.0,86515.19436342,2945.04407774
BTC_JPY,2020-05-24T06:26:39.623,4882240,1000506.0,1000724.0,0.2,0.1766,1766.57991639,2041.42922809,1000724.0,86519.27115318,2945.07107774
BTC_JPY,2020-05-24T06:26:43.487,4882259,1000506.0,1000724.0,0.2,0.16659851,1767.24291639,2041.43822673,1000724.0,86522.06556421,2945.08107923
BTC_JPY,2020-05-24T06:26:49.82,4882290,1000504.0,1000724.0,0.05,0.16659851,1766.35618238,2046.41822673,1000724.0,86529.1325898,2945.08107923
BTC_JPY,2020-05-24T06:26:54.57,4882340,1000509.0,1001000.0,0.1,0.3,1767.27655865,2046.40242659,1000727.0,86532.78837286,2945.44767774
BTC_JPY,2020-05-24T06:26:59.557,4882438,1000558.0,1001000.0,0.06,0.2,1753.9612362,2046.35142659,1001000.0,86532.93837286,2945.54767774
BTC_JPY,2020-05-24T06:27:05.137,4882550,1000579.0,1001000.0,0.1,0.3,1754.47290656,2046.46595959,1000999.0,86533.90851385,2945.70767774
BTC_JPY,2020-05-24T06:27:09.703,4882612,1000506.0,1000999.0,0.1,0.6047,1764.79264237,2047.49595959,1000999.0,86533.56619501,2945.70767774
BTC_JPY,2020-05-24T06:27:15.037,4882693,1000511.0,1001000.0,0.1,1.3,1765.25904237,2060.28825959,1000998.0,86534.42369501,2945.90767774
BTC_JPY,2020-05-24T06:27:20.227,4882796,1000524.0,1001000.0,0.5261,1.3,1765.10431237,2060.28825959,1000998.0,86534.19622636,2945.90767774
BTC_JPY,2020-05-24T06:30:03.82,4885111,1000300.0,1001100.0,0.2,0.00199987,1748.14310071,2031.30639877,1001100.0,86510.38680128,2945.45303365
BTC_JPY,2020-05-24T06:30:09.617,4885268,1000590.0,1001100.0,0.15,0.00199987,1759.72895643,2032.1264982,1001100.0,86521.23645141,2945.45303365
BTC_JPY,2020-05-24T06:30:14.813,4885395,1000611.0,1001111.0,0.2,0.2,1750.85305643,2033.41854886,1001100.0,86528.62724632,2944.42994046
BTC_JPY,2020-05-24T06:30:19.513,4885513,1000806.0,1001111.0,0.5670000000000001,0.2,1751.67162643,2043.92514899,1001100.0,86507.54773723,2943.96804335
BTC_JPY,2020-05-24T06:30:24.94,4885594,1000817.0,1001111.0,0.5670000000000001,0.2,1763.78403193,2045.13514899,1001100.0,86490.29503207,2943.36704335
BTC_JPY,2020-05-24T06:30:29.293,4885669,1001101.0,1001367.0,0.2,0.01,1765.22903193,2043.9811492,1001293.0,86471.05016474,2943.5984082
BTC_JPY,2020-05-24T06:30:34.723,4885745,1000901.0,1001356.0,0.657,0.1,1764.98823193,2045.96214933,1001046.0,86457.10244663,2940.67312559
BTC_JPY,2020-05-24T06:30:39.62,4885804,1000899.0,1001000.0,0.05,0.09949987,1765.4002318,2045.9786492,1001000.0,86474.65110837,2940.97312572
BTC_JPY,2020-05-24T06:30:44.56,4885829,1000887.0,1001000.0,0.05,0.09949987,1765.91023193,2045.67864907,1001000.0,86487.27163039,2940.35712422
BTC_JPY,2020-05-24T06:30:49.737,4885932,1000896.0,1001356.0,0.7038,0.1,1765.87946212,2045.36346557,1001000.0,86482.78762414,2938.8886241
BTC_JPY,2020-05-24T06:30:54.03,4886022,1001003.0,1001356.0,0.05,0.1,1766.38404817,2045.36426557,1001001.0,86458.93677895,2937.4076231
BTC_JPY,2020-05-24T06:30:59.267,4886070,1001000.0,1001001.0,0.5,0.15,1764.53724804,2047.00546557,1001002.0,86458.49889239,2937.2576231
BTC_JPY,2020-05-24T06:31:04.807,4886131,1000886.0,1001000.0,0.1,0.998441,1764.70904817,2048.21860657,1001000.0,86452.909308,2937.9076231
BTC_JPY,2020-05-24T06:31:09.22,4886177,1000887.0,1001000.0,0.05,0.59844087,1762.12386213,2046.76860644,1001000.0,86443.75718896,2938.30762323
BTC_JPY,2020-05-24T06:31:14.41,4886208,1000887.0,1001000.0,0.4013694,0.39844087,1762.84821208,2044.95860644,1001000.0,86440.25444501,2938.50762323
BTC_JPY,2020-05-24T06:31:19.443,4886278,1000886.0,1001000.0,0.1,0.39844087,1763.56454268,2046.48280644,1001000.0,86435.08333414,2938.50762323
BTC_JPY,2020-05-24T06:31:23.58,4886309,1000886.0,1001000.0,0.1,0.39844087,1763.56454268,2047.14160644,1001000.0,86434.27546772,2938.50662323
BTC_JPY,2020-05-24T06:31:29.95,4886325,1000886.0,1001000.0,0.1,0.39844087,1763.63454268,2047.66230644,1001000.0,86434.88833482,2938.50562323
BTC_JPY,2020-05-24T06:31:34.253,4886358,1000886.0,1001000.0,0.1,0.39944087,1762.08344268,2046.57880644,1001000.0,86433.55363374,2938.50562323
BTC_JPY,2020-05-24T06:31:39.983,4886394,1000886.0,1001000.0,0.1,0.39944087,1764.3420787,2045.45070643,1001000.0,86431.97081374,2938.50562323
BTC_JPY,2020-05-24T06:31:43.153,4886443,1001000.0,1001100.0,0.60055913,0.119,1764.84813783,2045.68352821,1001000.0,86433.72039998,2938.9040641
BTC_JPY,2020-05-24T06:31:49.473,4886482,1001000.0,1001100.0,0.60055913,0.119,1765.02813783,2046.40652821,1001000.0,86434.49852143,2938.5940641
BTC_JPY,2020-05-24T06:31:53.877,4886523,1001000.0,1001100.0,0.85055913,0.119,1765.30813783,2045.43736437,1001000.0,86432.64252243,2938.432065100001
BTC_JPY,2020-05-24T06:31:59.77,4886568,1001000.0,1001100.0,0.85055913,0.119,1764.74153783,2046.34996437,1001000.0,86431.07584446,2938.4310651
BTC_JPY,2020-05-24T06:32:04.687,4886603,1001000.0,1001100.0,0.85055913,0.119,1743.6209377,2046.84856437,1001000.0,86423.75325872,2938.4120659
BTC_JPY,2020-05-24T06:32:10.04,4886711,1001105.0,1001367.0,0.5501,0.01,1733.5236450999994,2030.81567657,1001100.0,86453.51455648,2938.5400659
BTC_JPY,2020-05-24T06:32:14.46,4886853,1001574.0,1001750.0,0.544,0.26498324,1745.15236142,2035.95339389,1001485.0,86474.80079249,2940.03488544
BTC_JPY,2020-05-24T06:32:19.883,4887031,1001111.0,1001750.0,0.2,0.26498324,1742.88432255,2037.31346321,1001573.0,86492.18742397,2940.28488557
BTC_JPY,2020-05-24T06:35:04.717,4889941,999833.0,999999.0,0.5,0.5102,1760.83003953,2070.88834338,1000000.0,86518.78862189999,2939.74407626
BTC_JPY,2020-05-24T06:35:09.653,4889968,999833.0,1000000.0,0.5,3.4147,1761.01218817,2072.11384338,1000000.0,86522.62111555,2939.74407626
BTC_JPY,2020-05-24T06:35:14.057,4889997,999833.0,1000000.0,0.5,3.4247,1760.71218804,2069.25909087,1000000.0,86528.1566575,2939.74307626
BTC_JPY,2020-05-24T06:35:19.817,4890057,999833.0,1000000.0,0.5,3.4247,1763.11229817,2067.06651557,1000000.0,86532.48303056,2939.74307626
BTC_JPY,2020-05-24T06:35:24.537,4890095,999834.0,1000000.0,0.05,3.4247,1760.19089817,2069.73651557,1000000.0,86537.19129742,2939.73207626
BTC_JPY,2020-05-24T06:35:29.443,4890139,999833.0,1000000.0,0.5,3.4247,1764.02261684,2071.47263911,1000000.0,86533.76787787,2939.73107626
BTC_JPY,2020-05-24T06:35:35.14,4890251,1000048.0,1000689.0,0.5922,0.1,1767.21171696,2065.75239055,1000000.0,86539.3584579,2943.15577626
BTC_JPY,2020-05-24T06:35:39.387,4890305,1000073.0,1000687.0,0.05,0.1,1765.24499816,2067.67239055,1000000.0,86542.06619227,2942.97297626
BTC_JPY,2020-05-24T06:35:44.93,4890389,999841.0,1000673.0,0.5398,0.05,1762.7797880999995,2067.37658062,1000061.0,86543.87119709,2943.17297626
BTC_JPY,2020-05-24T06:35:49.22,4890472,1000061.0,1000665.0,0.4,0.05,1763.93358823,2064.35658062,1000061.0,86543.91313155,2943.17297626
BTC_JPY,2020-05-24T06:35:54.19,4890568,1000061.0,1000468.0,0.4,0.05,1763.48228749,2064.19808062,1000061.0,86547.55767944,2943.17297626
BTC_JPY,2020-05-24T06:35:59.33,4890641,1000061.0,1000468.0,0.4,0.05,1765.24047574,2065.71908062,1000061.0,86548.48267944,2943.17297626
BTC_JPY,2020-05-24T06:36:03.89,4890678,1000062.0,1000468.0,0.5398,0.05,1765.81927574,2068.83908062,1000061.0,86544.57818381,2943.17197626
BTC_JPY,2020-05-24T06:36:10.053,4890773,1000061.0,1000468.0,0.429,0.05,1763.78228762,2068.53008062,1000061.0,86528.66309251,2941.66097626
BTC_JPY,2020-05-24T06:36:14.72,4890853,1000061.0,1000467.0,0.129,0.34600000000000003,1764.02028762,2067.16608062,1000061.0,86528.06406203,2941.96097626
BTC_JPY,2020-05-24T06:36:19.503,4890914,1000061.0,1000468.0,0.129,0.045,1763.67684762,2066.94508062,1000468.0,86521.92927856,2941.96597626
BTC_JPY,2020-05-24T06:36:25.057,4890995,1000062.0,1000561.0,0.5394,0.1,1764.01424762,2066.40008062,1000468.0,86516.09992745,2941.95497626
BTC_JPY,2020-05-24T06:36:29.827,4891097,1000071.0,1000499.0,0.05,0.1,1763.88934152,2068.55998062,1000468.0,86519.44270573,2941.94897626
BTC_JPY,2020-05-24T06:36:34.83,4891146,1000076.0,1000500.0,0.6347,0.8469,1766.13404152,2069.16598062,1000500.0,86518.49294836,2942.24897626
BTC_JPY,2020-05-24T06:36:39.757,4891221,1000087.0,1000499.0,0.5347,0.1,1763.07894735,2068.76598062,1000500.0,86517.59716116,2942.08897626
BTC_JPY,2020-05-24T06:36:44.653,4891272,1000090.0,1000499.0,0.2,0.1,1762.97894735,2068.33598062,1000500.0,86519.77816116,2942.08897626
BTC_JPY,2020-05-24T06:36:49.323,4891322,1000061.0,1000498.0,0.129,0.05,1762.21043735,2068.37666062,1000500.0,86501.33363215,2940.97698975
BTC_JPY,2020-05-24T06:36:54.733,4891398,1000061.0,1000498.0,0.129,0.05,1762.06618717,2067.84416063,1000500.0,86499.34388723,2940.87398975
BTC_JPY,2020-05-24T06:36:59.4,4891465,1000061.0,1000495.0,0.129,0.5347,1764.20098717,2067.74036062,1000500.0,86493.52298384,2940.86298975
BTC_JPY,2020-05-24T06:37:04.273,4891512,1000061.0,1000399.0,0.129,0.1,1763.86028717,2067.46236062,1000500.0,86490.31315977,2940.86298975
BTC_JPY,2020-05-24T06:37:08.713,4891551,1000061.0,1000398.0,0.629,0.5347,1761.89333846,2069.02121063,1000500.0,86491.08315977,2940.86298975
BTC_JPY,2020-05-24T06:37:14.66,4891717,999582.0,999954.0,0.003,0.5345,1752.54270677,2060.2289753,999649.0,86516.98363844,2941.70198975
BTC_JPY,2020-05-24T06:37:20.157,4891840,999582.0,999952.0,0.003,0.6345,1764.15005432,2060.3300753,999649.0,86519.7482596,2940.51198975
BTC_JPY,2020-05-24T06:40:05.11,4894609,999894.0,1000113.0,0.5472,3.23709935,1766.67222562,2066.91513572,1000113.0,86562.11867531,2945.25117174
BTC_JPY,2020-05-24T06:40:09.283,4894666,999902.0,1000113.0,0.05,3.23709935,1767.52322562,2067.94613572,1000113.0,86571.8919013,2945.17117174
BTC_JPY,2020-05-24T06:40:14.643,4894720,999913.0,1000113.0,0.15,3.23709935,1767.63522562,2069.51513572,1000113.0,86570.45055187,2945.17117174
BTC_JPY,2020-05-24T06:40:19.62,4894767,999924.0,1000113.0,0.05,3.23709935,1767.13102562,2069.31613572,1000113.0,86571.67155187,2944.97117174
BTC_JPY,2020-05-24T06:40:24.75,4894818,999933.0,1000113.0,0.15,3.02709935,1768.66822562,2067.37613572,1000113.0,86570.41546408,2944.97117174
BTC_JPY,2020-05-24T06:40:29.39,4894849,999936.0,1000000.0,0.2,1.9982,1768.13439562,2071.77016806,1000113.0,86570.58446408,2944.98017174
BTC_JPY,2020-05-24T06:40:34.587,4894903,999938.0,1000000.0,0.05,1.39819974,1768.01326537,2071.3371678,1000000.0,86571.80462488,2945.579172
BTC_JPY,2020-05-24T06:40:39.42,4894935,999694.0,1000000.0,0.18,1.39819974,1767.89508401,2071.6371678,1000000.0,86571.24742488,2945.579172
BTC_JPY,2020-05-24T06:40:44.667,4894993,999707.0,1000000.0,0.2,1.39819974,1767.62328401,2072.2360678,1000000.0,86570.68752719999,2945.575172
BTC_JPY,2020-05-24T06:40:49.783,4895027,999715.0,1000000.0,0.2,1.39819974,1766.79508401,2072.15433755,1000000.0,86570.54752719999,2945.575172
BTC_JPY,2020-05-24T06:40:55.153,4895060,999727.0,1000000.0,0.2,2.39819974,1766.79508401,2073.32008619,1000000.0,86571.14568761,2945.514173
BTC_JPY,2020-05-24T06:40:58.987,4895081,999735.0,1000000.0,0.2,2.39819974,1766.77358401,2062.32008619,1000000.0,86570.23568762,2945.514173
BTC_JPY,2020-05-24T06:41:05.047,4895107,999740.0,1000000.0,0.30000013,2.71719974,1766.80358401,2060.96908619,1000000.0,86569.91413769,2945.205173
BTC_JPY,2020-05-24T06:41:09.263,4895140,999748.0,1000000.0,0.31,2.71719974,1767.08458401,2073.79032604,1000000.0,86570.01126919,2945.205173
BTC_JPY,2020-05-24T06:41:14.687,4895176,999678.0,1000000.0,0.32,2.71719974,1756.11783524,2074.24032603,999750.0,86574.97496425,2945.70517313
BTC_JPY,2020-05-24T06:41:20.283,4895298,999504.0,999989.0,0.1,0.1,1754.77963593,2075.43232603,999681.0,86576.04512693,2946.07517313
BTC_JPY,2020-05-24T06:41:24.17,4895372,999504.0,999989.0,0.25,0.1,1766.59288583,2075.49343997,999681.0,86576.7698134,2946.07517313
BTC_JPY,2020-05-24T06:41:30.143,4895474,999681.0,999989.0,0.005000500000000001,0.1,1765.73688576,2084.61745325,999681.0,86578.82431703,2946.08017263
BTC_JPY,2020-05-24T06:41:34.443,4895568,999195.0,999908.0,0.0268,0.1,1761.86058513,2083.74019988,999521.0,86588.66373339,2946.40517263
BTC_JPY,2020-05-24T06:41:39.027,4895683,999019.0,999499.0,0.1,0.5413,1764.94580842,2085.03579988,999521.0,86593.04198066,2946.40517263
BTC_JPY,2020-05-24T06:41:44.993,4895804,999040.0,999488.0,0.3968,0.1,1765.76100809,2086.19509968,999487.0,86607.71053055,2946.59787263
BTC_JPY,2020-05-24T06:41:50.117,4895916,999070.0,999499.0,0.2,0.5344,1763.00881202,2086.44319968,999487.0,86609.38175945,2946.59787263
BTC_JPY,2020-05-24T06:41:54.507,4895989,999019.0,999496.0,0.2,0.1,1764.1888197,2086.44320522,999487.0,86613.6512364,2946.59787263
BTC_JPY,2020-05-24T06:41:59.553,4896106,999029.0,999497.0,0.15,0.5344,1754.7481197,2076.41420522,999487.0,86628.45856255,2946.59787263
BTC_JPY,2020-05-24T06:42:04.43,4896203,999039.0,999487.0,0.6262005,0.7,1764.9480202,2086.79170522,999499.0,86633.95368886,2946.50197263
BTC_JPY,2020-05-24T06:42:09.44,4896293,999057.0,999487.0,0.05,0.7,1762.01841957,2085.18986548,999499.0,86628.70366778,2946.50197263
BTC_JPY,2020-05-24T06:42:14.967,4896412,999018.0,999485.0,0.05,0.6312,1762.38868695,2085.1461634,999486.0,86640.13490246,2946.50697263
BTC_JPY,2020-05-24T06:42:19.523,4896499,999022.0,999486.0,0.2950005,0.5312,1762.63470956,2085.34616564,999486.0,86644.06222395,2946.50697263
BTC_JPY,2020-05-24T06:45:04.223,4899262,999537.0,999951.0,0.5064,0.02,1764.07416615,2079.80400416,999521.0,86627.90490841,2946.35607743
BTC_JPY,2020-05-24T06:45:09.647,4899334,999548.0,999951.0,0.2,0.02,1765.51976857,2079.30560416,999521.0,86625.96490841,2946.35607743
BTC_JPY,2020-05-24T06:45:14.527,4899398,999557.0,999951.0,0.25,0.02,1765.23416857,2079.9341043,999521.0,86629.03970841,2946.35607743
BTC_JPY,2020-05-24T06:45:19.62,4899515,999587.0,999990.0,0.7064,1.05401328,1758.46989317,2068.09458012,999990.0,86636.78887782,2946.40607743
BTC_JPY,2020-05-24T06:45:25.03,4899655,999631.0,1000000.0,0.28,8.50847529,1765.72434893,2074.64458012,1000000.0,86648.94566284,2952.40607743
BTC_JPY,2020-05-24T06:45:29.37,4899786,999817.0,1000113.0,0.6011,2.81835828,1757.14548638,2054.33403998,1000113.0,86663.16080301,2961.91419379
BTC_JPY,2020-05-24T06:45:34.423,4899898,1000027.0,1000113.0,0.3,1.41823427,1757.39901662,2051.09516733,1000113.0,86672.14967342,2963.3143178000005
BTC_JPY,2020-05-24T06:45:39.67,4900031,1000148.0,1000410.0,1.0,1.049999,1766.8637803,2060.82397056,1000134.0,86684.93559524,2964.98503732
BTC_JPY,2020-05-24T06:45:44.737,4900138,1000235.0,1000431.0,0.15,0.06749562,1764.91600713,2057.4449713,1000431.0,86700.68403777,2965.38883796
BTC_JPY,2020-05-24T06:45:49.29,4900205,1000243.0,1000431.0,0.2,0.06749562,1765.32458916,2056.77347143,1000431.0,86706.61143913,2965.38883796
BTC_JPY,2020-05-24T06:45:54.273,4900256,1000251.0,1000431.0,0.2,0.06749562,1766.49156755,2054.00728936,1000431.0,86713.70361118,2965.38883796
BTC_JPY,2020-05-24T06:45:59.46,4900317,1000115.0,1000431.0,0.86267865,0.06749562,1763.37906768,2057.45646801,1000115.0,86719.84406222,2966.38883796
BTC_JPY,2020-05-24T06:46:04.5,4900372,1000267.0,1000431.0,0.05,0.06449562,1765.39641908,2058.28001941,1000431.0,86720.81605833,2966.39183796
BTC_JPY,2020-05-24T06:46:09.463,4900429,1000269.0,1000431.0,0.2,0.06449562,1764.41811908,2058.67591941,1000431.0,86725.70505383,2965.89183796
BTC_JPY,2020-05-24T06:46:14.473,4900539,1000008.0,1000431.0,0.2,0.06449562,1763.69285627,2060.79720811,1000431.0,86726.54365367,2965.89183796
BTC_JPY,2020-05-24T06:46:19.57,4900606,999999.0,1000000.0,1.53,0.69,1763.75142832,2062.48655162,1000000.0,86728.66173338,2966.20183796
BTC_JPY,2020-05-24T06:46:24.777,4900683,1000004.0,1000431.0,0.2,0.06449562,1765.35972832,2050.93495162,1000000.0,86727.99413589,2966.09383716
BTC_JPY,2020-05-24T06:46:29.7,4900776,1000011.0,1000426.0,0.15,0.5624,1763.36242834,2050.90478162,1000429.0,86730.73727404,2966.11383716
BTC_JPY,2020-05-24T06:46:34.277,4900864,1000018.0,1000428.0,0.05,0.5619,1765.07165905,2051.4176030999997,1000429.0,86731.40227404,2966.11083716
BTC_JPY,2020-05-24T06:46:39.197,4900943,1000025.0,1000431.0,0.15,0.06449562,1765.04265938,2063.62728195,1000429.0,86731.80386869,2966.11083716
BTC_JPY,2020-05-24T06:46:45.19,4901049,1000001.0,1000431.0,0.6119,0.06449562,1765.50727938,2062.18438195,1000034.0,86734.36757339,2966.15883716
BTC_JPY,2020-05-24T06:46:49.937,4901102,1000001.0,1000431.0,0.6119,0.06449562,1765.47727938,2062.99328195,1000042.0,86737.18089706,2966.35883716
BTC_JPY,2020-05-24T06:46:54.447,4901174,1000010.0,1000428.0,0.2,0.1,1765.05537938,2063.22648195,1000042.0,86738.58074135,2966.35883716
BTC_JPY,2020-05-24T06:46:59.973,4901272,1000044.0,1000431.0,0.6088,0.06449562,1764.11234868,2063.71645195,1000042.0,86739.42342312,2966.35883716
BTC_JPY,2020-05-24T06:47:04.2,4901381,1000050.0,1000430.0,0.05,0.6039,1761.94454868,2061.31035195,1000042.0,86742.52180314,2966.24093716
BTC_JPY,2020-05-24T06:47:09.643,4901455,1000054.0,1000111.0,0.05,0.0482,1762.37214868,2062.97465195,1000042.0,86742.381777,2966.24093716
BTC_JPY,2020-05-24T06:47:14.897,4901548,1000062.0,1000111.0,0.2,0.04199938,1761.75734855,2062.50145133,1000111.0,86740.52904861,2966.24713778
BTC_JPY,2020-05-24T06:47:19.073,4901630,1000070.0,1000111.0,0.2,0.04199938,1761.71294881,2062.98445133,1000023.0,86737.48904861,2967.21713778
BTC_JPY,2020-05-24T06:50:04.4,4904577,998660.0,999135.0,0.011,0.05,1745.48786202,2068.66766668,999339.0,86825.76291578,2973.83649235
BTC_JPY,2020-05-24T06:50:10.13,4904686,998660.0,999141.0,0.011,0.584,1746.55536202,2068.68152296,999339.0,86833.16514141,2973.83549235
BTC_JPY,2020-05-24T06:50:14.067,4904706,998660.0,999140.0,0.011,0.05,1746.55536202,2070.34152296,999339.0,86818.76234722,2973.83549235
BTC_JPY,2020-05-24T06:50:19.817,4904720,998660.0,999140.0,0.011,0.05,1746.65236202,2070.31152296,999339.0,86806.34294947,2973.02349209
BTC_JPY,2020-05-24T06:50:24.727,4904779,998660.0,999141.0,0.011,0.584,1746.54736202,2068.35953417,999339.0,86803.63320199,2972.72149196
BTC_JPY,2020-05-24T06:50:29.353,4904819,998660.0,999142.0,0.011,0.32,1746.57096202,2068.3823906,999339.0,86803.31839292,2972.72149196
BTC_JPY,2020-05-24T06:50:34.813,4904870,998672.0,999142.0,0.1,0.32,1746.87396202,2070.0123906,999339.0,86804.20129612,2972.72149196
BTC_JPY,2020-05-24T06:50:39,4904963,998699.0,999513.0,0.2204,0.634,1747.90379395,2068.93867641,999339.0,86808.61637955,2972.72149196
BTC_JPY,2020-05-24T06:50:44.75,4905081,998738.0,999503.0,0.1205,0.584,1749.60084674,2071.1411764000004,999339.0,86774.09395602,2968.32149183
BTC_JPY,2020-05-24T06:50:50.113,4905193,998699.0,999271.0,0.122,0.584,1749.61244674,2071.3871764,999339.0,86740.89100419999,2966.65697148
BTC_JPY,2020-05-24T06:50:55.02,4905244,998698.0,999271.0,0.03,0.584,1750.8789267000002,2068.31517641,999339.0,86720.36135436,2966.26597235
BTC_JPY,2020-05-24T06:50:59.69,4905279,998698.0,999270.0,0.03,0.05,1752.1101267,2068.72559691,999271.0,86716.31664691,2966.46597235
BTC_JPY,2020-05-24T06:51:04.48,4905354,998698.0,999268.0,0.03,0.2,1752.01122657,2069.79059691,999271.0,86704.42981765,2966.46597235
BTC_JPY,2020-05-24T06:51:09.987,4905475,998699.0,999257.0,0.2319,0.15,1752.2324267,2069.45659691,999271.0,86700.17317624,2966.26597235
BTC_JPY,2020-05-24T06:51:14.07,4905563,998702.0,999272.0,0.1,0.32,1752.34613778,2069.28170799,999271.0,86702.73590377,2966.26597235
BTC_JPY,2020-05-24T06:51:19.707,4905660,998711.0,999272.0,0.1,0.32,1752.50083778,2070.69170799,999271.0,86698.34779239999,2966.26597235
BTC_JPY,2020-05-24T06:51:24.323,4905774,998776.0,999339.0,0.3324,0.025,1741.44753778,2059.41700799,999272.0,86702.65889571,2966.36597235
BTC_JPY,2020-05-24T06:51:29.15,4905871,998789.0,999339.0,0.05,0.025,1753.18893778,2069.41700799,998776.0,86701.7783793,2966.16697235
BTC_JPY,2020-05-24T06:51:34.453,4905961,998821.0,999339.0,0.4344,0.025,1754.48333778,2069.41700799,998776.0,86700.78109377,2966.16697235
BTC_JPY,2020-05-24T06:51:39.1,4906038,998831.0,999339.0,0.4346,0.025,1755.49353778,2068.64446826,998776.0,86702.97703377,2966.16697235
BTC_JPY,2020-05-24T06:51:45.09,4906150,998845.0,999339.0,0.3344,0.025,1755.52043778,2069.34378827,998776.0,86700.62325449,2966.16697235
BTC_JPY,2020-05-24T06:51:49.637,4906238,998856.0,999339.0,0.4357,0.025,1755.92173778,2069.98578827,998776.0,86702.00525449,2966.16697235
BTC_JPY,2020-05-24T06:51:54.73,4906324,998867.0,999339.0,0.05,0.025,1755.55243778,2069.98578827,998776.0,86702.23105449,2966.15777235
BTC_JPY,2020-05-24T06:51:59.943,4906414,998819.0,999339.0,0.01,0.025,1756.58793778,2069.98578827,998867.0,86703.07890449,2965.98562235
BTC_JPY,2020-05-24T06:52:04.847,4906511,998823.0,999330.0,0.3326,0.32,1755.53723765,2070.84983825,998867.0,86674.27162263,2965.92562135
BTC_JPY,2020-05-24T06:52:09.433,4906574,998831.0,999329.0,0.05,0.5783,1755.57147041,2070.37633826,998867.0,86669.61902992,2965.92562135
BTC_JPY,2020-05-24T06:52:14.857,4906680,998685.0,999328.0,0.09015,0.05,1755.90246148,2070.42741196,998819.0,86669.28920792,2965.93562135
BTC_JPY,2020-05-24T06:52:19.137,4906760,998724.0,999328.0,0.5832,0.05,1757.27631148,2070.12741183,998819.0,86669.33924062,2965.93562135
BTC_JPY,2020-05-24T06:55:04.547,4909557,999540.0,999999.0,0.05,0.1,1746.25958451,2068.09442183,999999.0,86698.73972934,2965.72963473
BTC_JPY,2020-05-24T06:55:09.17,4909633,999540.0,999999.0,0.08915,0.1,1747.66873451,2068.08692183,999999.0,86694.97996544,2965.72863473
BTC_JPY,2020-05-24T06:55:14.253,4909717,999543.0,999999.0,0.1,0.1,1748.26418451,2068.08692183,999999.0,86696.97372234,2965.72863473
BTC_JPY,2020-05-24T06:55:20.027,4909792,999537.0,999998.0,0.05,0.5546,1747.95658451,2069.48352183,999999.0,86689.64533171,2965.70863473
BTC_JPY,2020-05-24T06:55:24.117,4909839,999538.0,999998.0,0.05,0.3146,1747.85538451,2069.24252183,999998.0,86690.94707929,2965.83563573
BTC_JPY,2020-05-24T06:55:28.983,4909856,999536.0,999998.0,0.1,0.3146,1747.37738451,2068.24552183,999998.0,86694.56496032,2965.83563573
BTC_JPY,2020-05-24T06:55:34.177,4909933,999537.0,999998.0,0.05,0.3146,1745.80497474,2069.30396633,999998.0,86687.23888622,2963.96463573
BTC_JPY,2020-05-24T06:55:39.96,4910023,999277.0,999998.0,1.0,0.3146,1746.58182591,2070.60496632,999998.0,86687.24236701,2963.96463573
BTC_JPY,2020-05-24T06:55:44.737,4910113,999282.0,999997.0,0.08915,0.6039,1747.47942487,2071.37176631,999998.0,86683.79596584,2963.70233986
BTC_JPY,2020-05-24T06:55:49.787,4910238,999211.0,999830.0,0.4398,0.5539,1747.43897487,2061.33376631,999998.0,86677.22004235,2963.70233986
BTC_JPY,2020-05-24T06:55:55.24,4910329,999223.0,999831.0,0.4401,0.32,1747.25700077,2070.08101736,999222.0,86674.78921601,2963.73233986
BTC_JPY,2020-05-24T06:55:59.803,4910452,999328.0,999850.0,0.25,0.01,1746.52589327,2066.84141155,999314.0,86675.4365733,2963.93009986
BTC_JPY,2020-05-24T06:56:04.977,4910577,999371.0,999850.0,0.7024,0.01,1747.54180467,2067.83968655,999314.0,86678.51378099,2963.93009986
BTC_JPY,2020-05-24T06:56:09.7,4910705,999592.0,999998.0,0.2,0.05,1748.62934449,2057.78568655,999314.0,86681.55740333,2963.93009986
BTC_JPY,2020-05-24T06:56:14.263,4910790,999601.0,999998.0,0.7024,0.05,1747.28934449,2067.77667155,999314.0,86681.20382965,2963.93009986
BTC_JPY,2020-05-24T06:56:19.72,4910873,999594.0,999998.0,0.5524,0.05,1747.56794436,2068.27667155,999314.0,86677.64164369999,2963.92809986
BTC_JPY,2020-05-24T06:56:23.983,4910960,999596.0,999998.0,0.05,0.09085,1747.01254436,2068.32052155,999314.0,86677.70892733,2963.92809986
BTC_JPY,2020-05-24T06:56:30.037,4911069,999604.0,999998.0,0.05,0.034,1747.09014449,2068.97256015,999998.0,86674.11587016,2963.94309986
BTC_JPY,2020-05-24T06:56:34.497,4911135,999604.0,999998.0,0.05,0.034,1746.70329449,2069.03756015,999998.0,86676.28679031,2963.94309986
BTC_JPY,2020-05-24T06:56:39.267,4911202,999543.0,999996.0,0.15,0.04085,1747.82954449,2070.94841015,999998.0,86678.86379031,2963.94309986
BTC_JPY,2020-05-24T06:56:44.83,4911286,999550.0,999999.0,0.5447,0.04085,1748.97265449,2071.52841015,1000000.0,86679.25864331,2964.14309986
BTC_JPY,2020-05-24T06:56:50.247,4911376,999560.0,999999.0,0.2,0.04085,1746.99565449,2068.54306002,999996.0,86682.51228946,2964.15309986
BTC_JPY,2020-05-24T06:56:54.56,4911441,999568.0,999999.0,0.15,0.58555,1748.45695449,2071.06676015,999996.0,86684.83375636,2963.95309986
BTC_JPY,2020-05-24T06:56:59.653,4911531,999580.0,1000000.0,0.2,4.71595162,1749.95534969,2070.48121015,999996.0,86688.91015331,2963.95209986
BTC_JPY,2020-05-24T06:57:04.157,4911611,999590.0,999999.0,0.4975,0.04085,1750.17425969,2071.40682015,999996.0,86687.77788794,2963.95009986
BTC_JPY,2020-05-24T06:57:09.69,4911687,999603.0,999999.0,0.4967,0.04085,1750.33705969,2069.56575082,999996.0,86686.99785131,2963.95009986
BTC_JPY,2020-05-24T06:57:14.86,4911761,999613.0,999999.0,0.4966,0.03085,1750.19695969,2070.38850011,999999.0,86688.12474367,2963.96009986
BTC_JPY,2020-05-24T06:57:19.06,4911804,999617.0,999999.0,0.2,0.5447,1750.25195956,2070.90535011,999999.0,86687.83067000001,2963.96009986
BTC_JPY,2020-05-24T07:00:04.627,4914360,999566.0,999875.0,0.01,0.06915,1749.77352698,2061.32387757,999661.0,86758.65393392,2966.09125106
BTC_JPY,2020-05-24T07:00:09.5,4914433,999659.0,999875.0,0.30000013,0.06915,1749.61179498,2073.3054477,999658.0,86792.39442492,2965.96125106
BTC_JPY,2020-05-24T07:00:14.643,4914542,999873.0,1000200.0,0.32,0.9935392,1749.64983979,2060.86892113,1000200.0,86818.62672461,2974.83011363
BTC_JPY,2020-05-24T07:00:19.25,4914670,999903.0,1000200.0,0.31,0.16685574,1740.64362448,2050.54297284,1000200.0,86844.56754388,2975.70179709
BTC_JPY,2020-05-24T07:00:25.133,4914826,1000248.0,1000400.0,0.15,0.02081082,1753.2168428,2050.62620334,1000400.0,86852.78865843,2976.40826251
BTC_JPY,2020-05-24T07:00:29.273,4914928,1000277.0,1000819.0,0.5948,0.01,1743.80933087,2060.96404355,1000570.0,86861.67113732,2977.92826416
BTC_JPY,2020-05-24T07:00:34.353,4915046,1000310.0,1000819.0,0.2,0.01,1751.01956288,2062.84624355,1000570.0,86878.68245439,2977.92726416
BTC_JPY,2020-05-24T07:00:39.64,4915104,1000551.0,1000819.0,0.15,0.01,1752.06196315,2063.06204355,1000570.0,86888.77370154,2977.92726416
BTC_JPY,2020-05-24T07:00:44.997,4915165,1000551.0,1000819.0,0.05,0.01,1751.00806316,2046.55734355,1000800.0,86894.40286321,2977.90826416
BTC_JPY,2020-05-24T07:00:48.63,4915184,1000602.0,1000819.0,0.05,0.01,1751.14903116,2047.17214355,1000800.0,86897.86647971,2977.90826416
BTC_JPY,2020-05-24T07:00:55.37,4915313,1000094.0,1000994.0,1.0,0.25,1739.45740697,2038.44102799,1000555.0,86913.1306257,2978.15926416
BTC_JPY,2020-05-24T07:00:59.993,4915412,1000126.0,1000984.0,0.15,0.05,1749.64046533,2046.5110275,1000555.0,86926.65248658,2978.15926416
BTC_JPY,2020-05-24T07:01:05.24,4915494,1000152.0,1000990.0,0.31,0.5909,1749.54560986,2048.9710275,1000555.0,86938.6513117,2977.95726416
BTC_JPY,2020-05-24T07:01:09.947,4915591,1000167.0,1000982.0,0.03,0.2,1738.75660986,2050.5111275,1000555.0,86947.45137607,2977.95726416
BTC_JPY,2020-05-24T07:01:15.187,4915722,1000131.0,1000985.0,0.31,0.15,1740.22620986,2050.9661275,1000100.0,86949.31689678,2978.16726416
BTC_JPY,2020-05-24T07:01:19.627,4915834,1000155.0,1000977.0,0.15,0.05,1749.06920986,2048.2953275,1000996.0,86950.34021137,2978.17096416
BTC_JPY,2020-05-24T07:01:24.567,4915951,1000183.0,1000990.0,1.0,0.5832,1748.41440986,2049.0115275,1000167.0,86948.18436061,2978.27096416
BTC_JPY,2020-05-24T07:01:29.37,4916038,1000129.0,1000940.0,0.03,0.05,1752.81260986,2050.8055275,1000167.0,86951.3519117,2978.27096416
BTC_JPY,2020-05-24T07:01:34.493,4916118,1000131.0,1000888.0,0.1434,0.1,1753.11000986,2062.7855275,1000167.0,86951.64478228,2977.61096416
BTC_JPY,2020-05-24T07:01:39.36,4916190,1000130.0,1000167.0,0.2,1.49,1748.60280986,2062.5580275,1000167.0,86954.03471241,2977.62096416
BTC_JPY,2020-05-24T07:01:44.033,4916217,1000129.0,1000167.0,0.03,1.49,1752.80560986,2064.2280275,1000167.0,86956.59403111,2977.61996416
BTC_JPY,2020-05-24T07:01:49.797,4916246,1000130.0,1000167.0,0.05,1.492,1752.95376986,2064.4100275,1000167.0,86954.3253839,2977.55131695
BTC_JPY,2020-05-24T07:01:54.477,4916269,1000129.0,1000167.0,0.03,1.592,1752.8912408,2064.03902751,1000167.0,86954.3755339,2977.55131695
BTC_JPY,2020-05-24T07:01:59.733,4916326,1000099.0,1000167.0,0.15,1.692,1751.79258244,2066.5848953,1000098.0,86949.03882441,2977.36321916
BTC_JPY,2020-05-24T07:02:04.673,4916368,1000001.0,1000167.0,0.15,1.692,1725.65311594,2071.88897044,1000098.0,86940.527368,2975.47544284
